3110 5320
129 552 196 630 dil]
422 551 477 610 DE
500 546 733 613 REPUBLICA
756 553 911 656 Lrss31x.
1141 557 1200 618 215

129 711 208 760 6000.
226 708 258 757 lit
271 707 372 756 manime
388 707 493 771 quidem.
513 705 587 771 [880]
603 707 647 757 80.
666 707 754 756 Ρο0000
764 709 814 756 irasc
826 709 875 757 siro
886 707 941 758 iruio
952 707 993 756 illa
1002 709 1072 758 etiarn
1085 709 1220 760 tribuemus.

131 807 178 854 000
195 797 265 838 antea
276 787 466 845 memoravimus,
478 788 542 852 quod
555 803 650 836 necesse
668 795 712 845 eat,
722 800 776 836 eum
787 796 811 836 et
823 805 873 837 0000
886 789 947 852 prius
958 797 983 837 et
993 789 1042 836 fieri
1054 798 1135 852 postea
1146 790 1219 838 multo

130 871 205 936 magia,
222 885 278 920 curn
297 868 448 934 tyrannidem
467 875 504 916 eat
520 867 628 930 adeptor,
645 868 760 922 invidum.
777 868 899 932 injustum,
916 876 1033 932 expertem
1045 869 1219 924 benivolentia.

130 953 232 1017 impium,
243 950 369 1015 omnisque
390 949 500 1014 nequitie
512 948 627 997 sentinam
645 964 673 998 ac
683 949 788 998 inmitem
800 965 806 998 :
825 965 852 998 ea
864 951 947 1014 hisque
957 951 1049 998 cunctis
1059 967 1110 999 esee
1122 951 1221 1000 miserri-

128 1049 194 1088 muos,
205 1039 277 1096 atque
288 1029 349 1078 alios
359 1029 439 1087 ctiam,
450 1030 491 1092 qui
503 1029 624 1076 adherent
634 1028 688 1092 ipsi,
700 1028 787 1078 similes
794 1029 899 1080 reddere.
934 1029 1020 1078 6000.
1036 1030 1123 1079 Nullus
1134 1033 1219 1081 mentis

128 1129 219 1177 compos
230 1113 267 1160 lris
277 1110 452 1160 contradixerit.
480 1108 522 1160 80.
541 1109 605 1173 Age,
615 1109 813 1174 quemadmodum
822 1109 896 1173 judex
905 1111 1219 1175 omniacircutuspicie'nrdc

127 1192 220 1257 singolis
228 1192 332 1255 judicat,
350 1190 384 1237 ita
394 1197 419 1237 tu
431 1189 456 1237 in
474 1190 598 1252 praesentia
612 1189 728 1252 proicias,
744 1189 786 1253 qui
804 1197 844 1236 tuo
858 1189 951 1253 judicio
963 1193 1051 1254 primus
1062 1193 1218 1250 beatitudine,

128 1274 165 1338 qui
175 1273 309 1322 aeeundus:
326 1277 463 1334 ceterosque
480 1269 606 1333 gradatim,
618 1270 660 1334 qui
673 1271 696 1317 io
716 1285 813 1320 oorueto
824 1271 929 1335 quinque
939 1281 1004 1329 sunt,
1014 1287 1103 1330 00000,
1120 1273 1219 1338 regium,

128 1351 244 1402 honorifici
254 1350 348 1414 imperii
359 1349 498 1405 studiorum,
511 1365 636 1412 paucorum
649 1351 760 1413 potentias
772 1350 894 1414 cupidum,
901 1353 1046 1415 popularem,
1054 1361 1125 1417 atque
1137 1361 1219 1418 tymn-

129 1435 213 1482 nicum.
236 1431 326 1480 Guau.
345 1429 379 1478 At
391 1429 459 1478 facile
468 1429 585 1494 judicium
596 1430 668 1478 istud.
684 1444 737 1478 natu
750 1432 947 1494 quemadmodum
959 1449 1008 1480 sum
1020 1433 1220 1496 ingressuaiatoa,

128 1515 190 1579 quasi
202 1514 294 1568 choma,
306 1511 391 1559 virtute
410 1518 435 1558 et
446 1509 569 1573 pravitate,
585 1509 731 1558 beatitudine
748 1517 773 1558 et
789 1509 843 1558 lruic
859 1512 976 1560 contrario
993 1512 1053 1560 inter
1067 1527 1092 1561 ae
1108 1527 1219 1578 comparo

129 1605 193 1658 atque
209 1586 302 1656 judico.
337 1591 380 1640 80.
398 1590 463 1638 Num
482 1605 613 1654 praeconem
629 1591 806 1639 conducemus?
824 1607 853 1638 an
871 1607 915 1654 ego
934 1593 984 1642 hec
996 1593 1217 1656 potiurnuotiabo?

130 1675 240 1723 Aristonis
251 1673 325 1720 lilium
334 1671 455 1736 judicasse
466 1670 539 1718 virum
553 1669 667 1734 optimum
678 1676 702 1718 et
710 1669 863 1732 justissimum
875 1687 925 1720 esse
937 1673 1103 1731 beatissimum,
1114 1689 1216 1738 cumque

128 1771 173 1804 0000
183 1754 268 1802 dixisse
287 1752 406 1800 hominem
416 1750 516 1799 maxime
532 1751 636 1798 omnium
648 1750 746 1814 regium,
757 1767 829 1816 seque
840 1752 916 1816 ipsum
935 1761 1052 1816 regentem
1064 1771 1070 1800 ε
1088 1755 1215 1818 marimum

128 1851 176 1883 vero
185 1843 210 1883 et
220 1833 393 1898 iniquissimum
403 1847 454 1898 ease
466 1831 617 1879 miserrimum
629 1831 746 1894 talemque
756 1847 809 1879 eum
821 1847 881 1888 ease,
891 1835 932 1898 qui
944 1835 1043 1883 maxime
1052 1843 1165 1900 tyrannus
1175 1837 1216 1899 ait,

128 1931 193 1980 aeque
203 1915 281 1978 ipsum
295 1923 320 1962 et
335 1913 455 1962 civitatem
471 1912 597 1977 tyrannide
615 1912 722 1974 premat?
758 1911 844 1962 6000.
862 1913 900 1960 Ita
916 1913 947 1960 ait
958 1915 1138 1978 promulgatum.
1170 1917 1213 1968 80.

128 1996 238 2060 Numquid
257 1991 377 2057 adjiciam,
388 1993 438 2042 aire
449 1993 539 2041 lateant
553 1993 587 2041 sio
599 1992 678 2041 affecti
691 1993 806 2052 homines,
818 1994 866 2042 sire
877 2010 924 2042 non
936 1995 1025 2043 lateant
1036 1997 1142 2046 homiues
1153 1999 1216 2060 pari·

127 2085 235 2141 rerutque
245 2075 330 2123 Deua?
364 2073 451 2122 6000.
469 2072 565 2136 Adjice.
599 2073 641 2122 80.
659 2073 717 2122 Esto
728 2074 807 2137 igitur.
824 2075 911 2122 etenim
923 2089 970 2140 000
986 2076 1038 2125 hac
1048 2076 1216 2126 demonstratio

124 2158 166 2205 sit:
182 2157 309 2206 secundam
328 2169 392 2209 sero.
411 2155 431 2202 ai
451 2155 551 2210 ridetur,
571 2155 632 2203 hanc
649 2154 761 2203 convenit
780 2155 874 2204 intueri.
908 2156 995 2206 6000.
1013 2157 1129 2215 Quonam
1151 2158 1212 2206 ista?

125 2239 162 2286 80.
179 2239 307 2302 Postquam
319 2236 388 2285 sicuti
406 2235 488 2284 civitas
505 2243 551 2283 tres
570 2235 595 2282 in
613 2236 704 2298 species
715 2235 789 2284 divisa
800 2243 845 2297 est,
857 2235 890 2283 ita
900 2245 925 2284 et
935 2236 1049 2300 cujusque
1060 2238 1138 2286 enims
1149 2239 1214 2286 trila-

127 2321 179 2368 riam
195 2319 323 2374 dividetur,
344 2323 371 2364 ut
389 2316 500 2364 arbitmr=
518 2323 590 2380 atquc
608 2315 663 2364 hinc
679 2315 847 2365 demonstratio
863 2317 968 2366 secunda
977 2325 1093 2368 nascetur.
1127 2317 1215 2368 6000.

125 2400 254 2458 Quanam?
286 2398 327 2447 80.
345 2397 402 2445 Ista.
436 2395 497 2445 Cum
515 2403 560 2446 tres
576 2397 660 2444 animae
679 2405 756 2460 partes
772 2397 828 2454 sint,
846 2406 892 2446 tres
910 2399 1146 2462 quoquevoluptates
1164 2415 1215 2449 0000

126 2480 292 2534 08001000οι
308 2477 425 2542 cujusque
443 2477 514 2541 partia
533 2477 633 2541 propria.
650 2477 793 2542 cupiditates
810 2493 905 2542 quoque
917 2479 1014 2527 totidem
1025 2485 1050 2528 et
1062 2479 1215 2544 principatur.

128 2559 213 2608 6000.
228 2558 281 2616 Quo
298 2559 387 2622 pacto?
420 2557 463 2606 80.
481 2557 574 2606 Partem
592 2573 661 2606 unam
678 2557 786 2614 dicimus,
798 2573 845 2622 qua
861 2557 1029 2610 homodiacit=
1047 2559 1151 2617 alteram,
1168 2575 1216 2626 qna

124 2641 242 2689 intuitur:
254 2641 345 2688 tertiam
352 2653 407 2687 vero
416 2645 511 2702 propior
521 2637 655 2687 uarietatem
663 2654 710 2686 uno
720 2655 770 2688 non
783 2640 901 2703 potuimus
912 2639 1006 2703 pmprio
1016 2639 1089 2702 ipsius
1099 2641 1215 2690 uocabulo

123 2721 248 2776 nominem,
258 2721 300 2769 aed
311 2735 340 2768 ex
351 2735 390 2776 eo,
400 2720 464 2783 quod
476 2719 500 2766 in
512 2735 537 2766 00
549 2719 655 2767 continet
666 2719 790 2766 marimum
800 2719 1215 2785 vehementissimumque,ooucupis·

121 2801 187 2850 cibile
198 2801 379 2864 appellavimus,
391 2806 488 2864 propter
505 2799 675 2848 vehementiam
692 2815 771 2847 earum
788 2799 954 2861 cupiditatum,
971 2816 1025 2863 quae
1044 2800 1074 2848 ad
1093 2801 1176 2864 epulaa
1191 2808 1217 2850 ct

123 2883 205 2944 pocula
215 2890 241 2930 et
252 2895 352 2928 venerea
362 2880 465 2942 rapiunt,
477 2888 501 2927 ct
512 2895 540 2928 00
556 2895 610 2943 queo
620 2880 665 2928 ista
681 2889 823 2944 sequuntur:
843 2895 886 2930 nec
898 2896 945 2927 non
956 2895 1050 2927 ararum
1061 2882 1214 2944 cognomina·

123 2963 202 3018 riorus,
221 2959 335 3024 quoniam
353 2975 381 3008 ea
404 2959 512 3022 pecuniis
542 2959 615 3024 [est]
646 2960 743 3008 maxime
761 2958 896 3022 hujusmodi
919 2959 1061 3024 cupiditates
1082 2961 1213 3024 explentur.

122 3042 206 3091 6000.
225 3040 310 3090 Recte.
328 3041 371 3088 80.
385 3040 418 3088 Ac
429 3040 448 3086 ri
460 3039 605 3102 voluptatem
617 3039 669 3102 ejus
679 3045 705 3088 et
714 3039 824 3088 affectum
836 3039 893 3088 lucri
905 3055 955 3088 ease
963 3041 1097 3096 dixerimus,
1107 3041 1131 3088 in
1143 3057 1212 3090 unam

123 3125 218 3170 maxime
228 3135 342 3168 summam
355 3121 493 3166 reducemus
511 3119 649 3175 orationem,
661 3127 687 3167 ut
698 3119 786 3182 aliquid
801 3119 868 3166 nobis
879 3127 968 3167 certum
981 3121 1026 3184 ipsi
1037 3121 1211 3183 significemus:

122 3203 229 3266 quotiens
238 3202 262 3248 id
272 3201 349 3264 iprum
360 3207 448 3263 partem
461 3201 521 3248 hauc
540 3200 624 3247 animre
641 3200 748 3248 dicimus.
766 3209 837 3262 atque
849 3199 867 3247 si
879 3208 953 3246 totum
966 3201 1010 3248 hoc
1020 3201 1169 3262 pecuniarum
1187 3207 1212 3247 et

121 3282 178 3330 lueri
184 3282 297 3344 cupidum
309 3281 464 3337 nominemus,
473 3289 535 3328 recte
547 3281 673 3328 admodum
684 3279 863 3344 appellabimur.
897 3279 984 3328 6000.
1002 3279 1063 3327 Mihi
1073 3280 1168 3342 quidem
1177 3281 1213 3328 ita

121 3363 224 3408 videtur.
248 3359 291 3407 80.
307 3361 369 3418 Quid
382 3361 454 3410 aero?
467 3359 581 3410 irascendi
592 3369 673 3408 natura
685 3375 763 3408 nonne
775 3360 805 3406 ad
818 3359 956 3424 potentiam,
967 3360 1095 3416 victoriam,
1107 3361 1214 3424 gloriani,

119 3441 212 3490 tralsere
227 3447 298 3488 totam
314 3442 452 3490 metimur?
487 3441 574 3489 6000.
591 3441 746 3505 Magnopere.
781 3441 824 3488 80.
842 3440 866 3488 Si
884 3439 954 3502 igitur
971 3455 1022 3487 eam
1041 3441 1213 3490 contentiosam

120 3522 313 3586 ambitiosamque
328 3521 510 3586 appellabimus,
528 3523 634 3586 uunquid
646 3523 726 3570 recte?
761 3521 848 3570 6000.
866 3520 1013 3569 Rectissime.
1048 3522 1089 3571 So.
1107 3522 1142 3568 At
1157 3537 1211 3570 vero

121 3611 207 3666 partem
226 3601 300 3658 illam,
318 3617 366 3664 qua
385 3603 506 3658 disciturus,
525 3609 618 3650 constat
634 3601 719 3666 cuique
736 3617 828 3650 omnem
846 3602 875 3648 ad
895 3602 1014 3649 veritatem
1026 3600 1213 3664 investigandam

120 3699 208 3747 semper
219 3682 305 3738 anniti,
316 3683 515 3746 pecuniarumque
527 3690 550 3730 et
561 3683 640 3746 gloriae
651 3683 769 3752 minimam
781 3699 858 3730 curam
871 3681 963 3730 habere.
996 3675 1081 3729 6000.
1099 3681 1213 3732 Omnino.

121 3763 162 3810 80.
178 3763 204 3811 Si
215 3763 310 3811 tertium
331 3764 375 3811 hoc
386 3763 492 3812 discendi
503 3764 616 3826 cupidum
636 3770 660 3812 et
677 3764 843 3827 philosophum
863 3763 1044 3822 nominabimus,
1064 3762 1126 3810 haud
1147 3763 1212 3810 abre

121 3844 258 3891 eritnomen
272 3842 416 3906 impunitum.
439 3842 526 3892 6000.
544 3842 686 3898 Est,utain.
712 3844 754 3892 So.
772 3843 859 3891 Nonne
870 3843 969 3890 dicimus
980 3843 1003 3890 in
1014 3843 1098 3891 animis
1109 3857 1211 3906 quorun·
1291 3861 1295 3868 ¹

118 3924 171 3971 dam
182 3939 253 3972 uuam
265 3923 356 3986 illarum
370 3923 467 3986 partium
479 3923 603 3980 dominari,
614 3923 639 3970 in
648 3923 699 3971 aliia
710 3923 787 3980 aliurn,
796 3923 1108 3988 quamcunquecoutigerit?
1127 3923 1216 3974 6000.

121 4003 236 4052 Dicimus.
271 4003 315 4050 80.
333 4002 459 4066 Propterea
470 4003 571 4052 dicimus
582 4005 625 4051 tria
642 4004 763 4050 hominum
782 4003 855 4066 prima
867 4019 952 4066 genera
967 4019 1027 4060 esse,
1040 4003 1216 4068 philosophum,

119 4083 304 4139 metendorum,
326 4073 428 4130 avarum.
462 4083 549 4132 6000.
566 4085 670 4134 Prorsus.
704 4085 746 4132 So.
764 4083 920 4147 voluptatum
942 4099 1037 4147 quoque
1057 4085 1147 4148 species
1170 4093 1216 4134 tter

118 4160 181 4210 isisee
190 4163 320 4226 subjectas,
331 4162 418 4226 cuique
427 4179 502 4211 suam.
524 4163 610 4212 6000.
624 4141 737 4212 Omnind.
761 4163 803 4210 80.
815 4163 839 4210 Si
849 4179 1038 4226 unumquemque
1047 4164 1142 4212 istorum
1151 4179 1214 4212 reor·

118 4235 168 4289 0000
181 4245 320 4307 interroges,
331 4259 384 4307 quie
395 4245 443 4292 vita
453 4244 549 4292 istarum
558 4244 702 4300 dulcissima,
711 4259 775 4292 suam
787 4244 884 4308 quiaque
894 4245 976 4293 ceteris
985 4252 1122 4308 anteponet.
1131 4259 1213 4292 ararur

117 4323 213 4384 quidem
225 4324 285 4373 lucri
297 4326 371 4388 ipsius
390 4327 567 4390 comparatione
578 4328 691 4374 honorum
710 4326 746 4374 vel
758 4325 933 4390 disciplinarum
944 4327 1116 4376 oblectamenta
1126 4327 1214 4374 nullius

115 4403 267 4462 existimabit,
283 4406 331 4453 uisi
342 4407 400 4470 quid
414 4407 491 4454 ioman
508 4408 537 4454 ad
549 4414 670 4470 argentum
688 4406 817 4455 conferant.
852 4405 938 4455 6000.
956 4407 1019 4455 Vera
1030 4406 1140 4470 loqueris.
1172 4407 1215 4454 So.

117 4482 266 4534 Ambitiosus
283 4497 362 4535 autem
381 4497 484 4550 questus
503 4487 686 4536 delectationem
706 4486 824 4534 molestam
842 4495 925 4551 putat:
944 4499 1067 4548 rursusque
1083 4501 1144 4538 eam.
1161 4499 1215 4548 quta

115 4563 231 4616 ducendo
244 4568 382 4632 percipitur.
400 4568 444 4616 nisi
462 4569 568 4618 doctrina
585 4568 676 4617 inanem
688 4574 712 4614 et
729 4567 874 4616 umbratilem
887 4566 1005 4614 hominum
1018 4563 1094 4629 pariat
1109 4564 1214 4628 gloriam.
