3150 5290
439 1294 870 1375 ALCIBIADES
925 1295 957 1375 1.

486 1683 670 1750 socnam,
686 1685 908 1738 ALCIBIADES.

147 2013 222 2080 [ΙΝ]
237 2011 260 2062 0
272 2026 328 2063 rm
338 2011 437 2070 Clinia,
448 2009 555 2060 admirari
566 2016 590 2058 te
601 2011 708 2067 arbitror.
719 2012 783 2074 qood
792 2026 846 2060 eum
857 2011 944 2074 primos
955 2013 1006 2076 ipse
1018 2016 1122 2064 omniurn
1136 2032 1212 2067 amare
1222 2027 1245 2068 te

146 2093 267 2156 nuperius,
275 2092 362 2142 ueteris
371 2090 535 2141 &simtibua
545 2097 569 2138 te
588 2089 697 2153 diligere,
707 2091 771 2139 solus
782 2091 808 2138 in
818 2091 984 2140 benevolentia
1000 2109 1122 2158 persevero
1133 2114 1139 2144 ι
1157 2105 1183 2146 et
1192 2113 1246 2147 oum

146 2171 218 2222 ulei
227 2171 311 2236 sesqui
329 2169 484 2236 frequentiori
499 2169 672 2218 cousuetudine
682 2168 726 2218 tibi
742 2169 850 2234 quotidie
867 2170 958 2220 molesti
970 2172 1066 2231 luerint,
1077 2191 1123 2240 ego
1134 2177 1248 2226 totnonis

145 2265 180 2300 ae
196 2252 294 2300 minime
305 2250 464 2301 salutaverint.
498 2247 578 2312 Hujus
589 2255 667 2296 sutem
679 2249 711 2296 rei
728 2263 800 2298 musa
810 2265 858 2297 noo
870 2251 998 2300 humanum
1016 2254 1148 2318 quippiam,
1159 2257 1200 2308 sed
1212 2273 1248 2307 re·

145 2332 283 2397 pugnantis
292 2333 399 2396 quadam
416 2327 532 2378 ‹lamonii
547 2328 601 2384 luit,
618 2327 688 2391 enjus
699 2330 829 2392 potentiam
846 2329 871 2378 iu
888 2331 1040 2393 sequentibus
1052 2335 1142 2384 audies.
1174 2333 1248 2386 Nune

142 2425 208 2459 seso
220 2425 276 2458 eum
284 2425 334 2456 noa
343 2409 401 2458 ultra
409 2415 534 2472 repugnet,
545 2407 592 2456 huo
602 2406 636 2454 ite
647 2407 766 2470 proiectus
776 2423 837 2458 sum.
853 2425 921 2472 spero
929 2411 1032 2476 insuper,
1041 2427 1085 2464 neo
1092 2417 1116 2462 ln
1126 2421 1246 2479 posterum

142 2490 225 2538 nonis
243 2489 418 2538 sumturum
434 2487 548 2552 superiori
567 2493 645 2536 autem
663 2495 768 2551 tempore
783 2489 972 2548 considerabam,
982 2509 1029 2556 quo
1040 2501 1111 2557 paeto
1123 2511 1178 2560 erga
1194 2505 1247 2546 tuos

51 2575 52 2602 ³
143 2569 279 2618 mimus
295 2583 391 2631 mes.
422 2568 472 2626 Qui
490 2567 597 2632 quamvis
613 2566 683 2616 molti
698 2576 777 2616 essem
787 2577 858 2633 atque
869 2571 973 2635 superbi,
984 2587 1054 2621 nemo
1065 2581 1143 2624 tamen
1154 2591 1183 2626 es
1201 2577 1247 2628 illis

51 2667 52 2688 1
145 2649 202 2706 fnit,
211 2649 273 2712 qru'n
282 2649 326 2696 abs
336 2655 359 2696 te
369 2649 429 2696 lusto
446 2655 569 2712 superatus
584 2645 676 2695 obierit.
709 2645 787 2703 Quam
806 2663 861 2696 vero
871 2649 903 2697 ob
920 2664 1016 2700 nusum
1034 2651 1108 2719 [lot]
1125 2653 1179 2704 illos
1189 2671 1246 2704 oon-

146 2729 284 2794 tempseris,
294 2728 425 2793 upliealm
460 2727 586 2783 Aiseuim‚
599 2735 622 2776 to
640 2726 741 2776 nullaiu
758 2743 782 2776 re
798 2729 931 2778 hominibus
947 2731 999 2780 aliis
1015 2732 1140 2798 indigeres
1158 2735 1247 2800 quippe

147 2826 202 2875 qna
212 2809 259 2858 tibi
267 2810 359 2868 insunt,
368 2809 402 2858 its
412 2823 464 2858 esse
473 2807 594 2872 praeiere,
606 2815 634 2856 ut
643 2823 688 2858 neo
698 2809 729 2856 ari
740 2809 844 2873 corporis
855 2825 899 2859 neo
909 2811 940 2858 sd
951 2811 1022 2860 animi
1033 2813 1096 2862 bona
1106 2815 1247 2881 cujusquam

147 2905 229 2954 egen.
260 2889 388 2938 Eaistimsr
399 2888 457 2938 tein
468 2887 546 2952 pn'rnis
557 2901 653 2951 prooero
665 2895 736 2952 atque
756 2889 842 2938 decoro
859 2891 963 2955 corporis
973 2893 1053 2942 bnbitu
1065 2895 1189 2959 plurimum
1207 2913 1248 2946 es·

147 2970 243 3020 oelleae.
259 2978 332 3034 atque
342 2969 370 3018 id
379 2969 444 3034 epod
456 2983 538 3017 omnes
547 2973 649 3018 onustat,
681 2967 834 3018 Nobilissimo
847 2979 959 3035 praterea
969 2988 1054 3037 genere
1065 2983 1141 3024 ortum
1152 2983 1176 3026 te
1187 2991 1248 3041 prm·

149 3050 215 3100 dieas
226 3066 276 3116 pn
285 3049 379 3108 oeteis,
390 3049 434 3114 qui
443 3050 469 3100 io
481 3050 524 3098 ban
536 3049 592 3098 urbe
599 3056 663 3115 sont,
671 3048 792 3099 civitatum
800 3050 933 3102 Greesruur
942 3053 1094 3116 amplissima.
1112 3071 1140 3104 aa
1151 3061 1248 3119 paterno

150 3131 246 3195 quibem
256 3130 332 3180 latere
343 3130 433 3180 aurioos
449 3139 520 3195 etque
536 3136 651 3194 eoguntur
666 3130 748 3180 messe
758 3146 829 3196 qoam
845 3132 957 3195 plurImor
973 3142 998 3180 et
1008 3133 1110 3196 optimos
1121 3136 1191 3190 muns,
1208 3135 1249 3198 qui

149 3211 192 3259 tibi
202 3211 295 3274 ournia,
305 3226 360 3261 oum
371 3226 432 3276 opus
444 3211 522 3268 inerit.
533 3209 715 3260 sumministrare
726 3211 817 3276 possint
828 3229 834 3257 ι
853 3217 969 3260 maternos
987 3227 1082 3276 quoque
1093 3227 1138 3260 nec
1149 3213 1199 3260 istis
1210 3213 1249 3262 iu·

150 3290 256 3349 ῐαὶοιυ,
274 3307 353 3356 neque
371 3289 443 3340 etiarn
462 3289 592 3356 psoeiorer.
625 3291 673 3340 Sed
693 3291 768 3340 molto
787 3290 898 3353 majorem
914 3289 943 3337 ils
960 3289 1069 3340 omnibus
1087 3291 1250 3340 auctoritatem

150 3370 232 3419 affirm
245 3370 288 3420 ubi
298 3371 329 3419 ad
340 3387 377 3422 rea
393 3371 497 3435 agendas
516 3371 632 3422 Periclem
650 3369 785 3434 Xanthippi
803 3355 887 3431 lilium,
907 3383 977 3433 quam
996 3368 1093 3433 quidem
1111 3375 1177 3434 pater
1195 3377 1251 3420 tuus

150 3457 252 3500 tutam
268 3451 313 3500 tibi
330 3452 441 3516 fratrique
458 3451 567 3516 reliqnitr
584 3452 691 3516 quinon
710 3451 735 3498 iu
753 3451 797 3499 beo
814 3449 911 3500 ciuitate
929 3448 1015 3510 solum,
1030 3463 1177 3513 quacunque
1189 3451 1251 3516 vult,

150 3539 238 3593 potest,
258 3531 301 3581 seul
320 3532 346 3580 iu
365 3533 430 3590 omni
446 3531 539 3582 Gracia
555 3539 582 3582 et
597 3531 625 3582 iu
641 3532 722 3581 multis
740 3532 811 3580 etiam
829 3547 857 3580 ao
877 3531 930 3580 latia
948 3530 1096 3594 barbarorum
1115 3531 1250 3595 generibus.

151 3610 275 3661 Auum
286 3627 384 3676 qnoque
393 3611 547 3678 amplissimas
558 3619 650 3664 tuorum
661 3613 770 3662 divitias:
781 3611 861 3662 uisite
872 3612 954 3662 aeirem
965 3611 990 3659 in
1001 3609 1031 3660 iis
1040 3609 1134 3660 niuinre
1145 3611 1249 3660 omnium

51 3693 53 3742 ἶ
150 3691 255 3754 alwirfi.
287 3691 380 3742 Horum
391 3693 495 3742 omnium
506 3693 649 3744 oausalastu
661 3694 746 3756 elatus,
763 3693 889 3744 familiares
905 3707 986 3742 omnes
999 3689 1251 3755 superbiasuperartir

51 3753 53 3780 ¹
147 3781 221 3836 atqae
228 3771 291 3836 ipsi,
300 3779 385 3837 utpote
395 3773 526 3840 insaniores,
536 3775 581 3824 tibi
591 3781 720 3826 uerterunt.
736 3774 823 3838 Neque
832 3788 887 3822 vero
899 3773 943 3822 lata
952 3779 976 3821 te
987 3773 1084 3821 latuere.
1101 3771 1251 3837 quemobrem

149 3867 229 3916 aeque
249 3868 291 3902 me
308 3853 379 3902 uiam
398 3853 469 3920 togis,
489 3855 598 3906 admirari
620 3863 653 3914 te,
673 3872 722 3921 quo
743 3855 821 3904 animo
843 3855 868 3901 in
890 3852 1057 3902 benevolentis
1079 3853 1252 3916 perseverarint,

51 3943 53 3994 ζ
146 3947 251 3996 qaasaae
271 3945 339 3995 spera
358 3933 389 3982 de
408 3941 433 3982 te
450 3935 610 4000 eoueeperim,
629 3935 670 3999 qui
689 3935 741 3984 eliis
759 3941 783 3984 te
799 3932 987 3996 relinquentibus
1004 3931 1055 3996 ipse
1073 3932 1251 3981 solusomnium

145 4013 250 4076 paatiti.
284 4010 336 4061 Au.
351 4013 387 4062 At
403 4013 466 4063 istud
485 4014 546 4064 insta
562 4015 649 4072 neseis.
666 4029 681 4064 o
699 4015 818 4076 Socrates,
835 4021 859 4062 te
879 4027 944 4062 noue
964 4028 1002 4061 mo
1021 4011 1092 4076 paulo
1104 4012 1253 4076 prevenisse·

144 4101 247 4142 ml
257 4093 324 4141 enim
333 4093 358 4142 in
368 4094 472 4144 animum
481 4095 548 4154 milui,
558 4103 586 4144 nt
595 4103 620 4144 ta
629 4095 692 4160 prior
702 4096 798 4144 adortus
808 4095 860 4144 baro
871 4093 952 4142 eadem
964 4101 988 4142 te
999 4107 1112 4157 rogarem.
1130 4093 1252 4150 Quidnam

145 4173 202 4222 sis?
218 4171 280 4237 quiri
292 4187 391 4236 sperans
409 4189 449 4224 rue
460 4169 549 4239 turbas,
564 4183 592 4224 ut
607 4189 707 4239 semper,
723 4175 859 4238 ubieunque
876 4189 938 4231 sum,
954 4171 1157 4225 obscurantiasime
1172 4173 1254 4224 edos?

144 4251 244 4302 Besara
261 4251 328 4302 auius
346 4253 407 4318 quid
427 4255 458 4302 sit
473 4255 598 4304 eonsilium
616 4263 682 4304 tuum
700 4255 811 4316 admiror,
830 4253 935 4316 illudque
952 4252 1052 4302 libenter
1062 4251 1175 4302 audirem.
1209 4249 1253 4300 So.

144 4333 243 4384 truh
253 4334 330 4400 igitar
339 4336 387 4384 boe
398 4350 470 4393 ame,
481 4343 509 4384 ut
518 4336 598 4400 (leuet,
613 4335 784 4400 quamprimum
796 4352 802 4382 ε
821 4333 947 4398 slquidem,
963 4341 990 4382 nt
999 4333 1042 4390 ais,
1059 4347 1127 4382 nusae
1137 4339 1162 4380 et
1172 4331 1253 4380 audire

142 4415 280 4473 Aedilem
289 4413 350 4480 quid
360 4415 473 4480 nogioni.
488 4431 533 4480 ego
544 4415 609 4466 enim
620 4423 731 4480 tauquam
742 4413 889 4478 exspectann'
900 4423 926 4462 et
937 4413 1096 4462 ansoultatoro
1107 4411 1132 4459 id
1144 4409 1249 4460 relatam.

146 4496 202 4546 Au.
217 4493 252 4543 Et
263 4495 367 4546 manime
378 4495 484 4560 quidem.
500 4496 566 4548 dicer
577 4496 657 4546 modo.
690 4491 733 4543 so.
749 4493 813 4544 Vide
823 4494 913 4560 inque.
929 4491 1075 4557 nequeenim
1085 4489 1167 4538 mirum
1179 4490 1255 4538 rideri

215 4575 288 4628 Plut-
300 4577 344 4628 rr.
736 4573 772 4626 11.
1178 4569 1197 4616 F
