3148 5298
347 520 406 580 oso
696 541 699 557 ·
785 513 985 576 nitrosis
1360 521 1435 601 [ero

345 669 479 728 latitudinis
496 677 522 720 et
532 669 700 736 profunditatis
709 685 790 720 omnes
799 670 906 720 homines
913 676 1004 728 tenmt,
1015 671 1060 718 hue
1069 683 1111 718 eos
1121 671 1204 734 procul
1214 669 1344 722 obducunt.
1377 671 1438 722 cer.

350 753 429 809 Qusm
441 753 511 816 igitur
521 761 547 800 et
556 753 650 816 quslem
659 752 816 816 ignoruntium
826 751 906 800 dieis?
939 751 1043 800 Assem
1062 751 1084 800 Ο
1101 751 1178 800 smine
1195 751 1283 810 Clinis,
1298 767 1344 816 ego
1359 753 1439 810 etium

348 848 402 880 enm
421 833 547 896 eliquendo
562 833 712 888 audivissem,
728 847 781 882 sero
801 831 897 880 tandem
913 833 974 880 hunc
991 840 1093 880 nosusm
1104 832 1260 896 ignossntisrn
1271 833 1439 890 mintium,

348 929 393 962 noc
410 915 530 963 hominum
545 914 588 962 sed
604 930 674 962 suum
685 929 841 978 pecorumque
862 912 1021 962 consideranti
1032 913 1088 962 milri
1096 913 1148 961 viss
1157 925 1201 962 est.
1217 915 1318 979 ideoque
1328 931 1377 964 non
1385 929 1438 964 mss

348 994 504 1056 solummodo,
520 1010 599 1042 rernm
615 995 685 1042 etism
710 993 844 1042 Grtecorum
870 993 974 1042 omnium
995 1008 1066 1044 ceusu
1086 995 1238 1044 vehemente:
1258 997 1350 1046 ensbni.
1382 996 1439 1046 Cu.

349 1074 399 1124 Dic
415 1075 516 1140 plenius,
527 1076 621 1138 hospes,
632 1075 690 1138 quid
701 1076 745 1123 hoo
756 1083 799 1124 est.
831 1074 935 1124 Arnen.
951 1075 1037 1123 Dicsm
1052 1075 1179 1139 equidem:
1196 1075 1268 1126 immo
1277 1093 1334 1126 vero
1343 1077 1439 1126 interru-

349 1155 427 1218 gundo
443 1157 553 1218 spetiem.
568 1155 693 1218 responde,
711 1171 797 1219 queso.
814 1155 986 1220 longitudinem
1008 1157 1085 1204 nosti?
1119 1156 1178 1206 Cur.
1194 1157 1302 1215 Quidni?
1335 1157 1439 1206 Arnus.

348 1234 600 1302 Quid,lstitudinem?
634 1235 692 1284 Cur.
709 1235 788 1284 Certe.
821 1235 923 1284 Arnen.
940 1235 1055 1301 Aequod
1066 1236 1173 1286 haeoduo
1183 1247 1246 1296 sunt,
1257 1237 1439 1303 etprodundins

347 1316 460 1364 tertium?
494 1315 552 1366 Cur.
568 1316 599 1366 Et
615 1319 668 1366 hoc.
700 1315 803 1366 Arsen.
820 1317 936 1366 Videntur
951 1318 994 1366 tibi
1010 1319 1062 1366 haec
1077 1319 1157 1368 omnis
1172 1319 1274 1370 invicem
1291 1335 1361 1384 posse
1373 1335 1437 1368 oon·

349 1397 492 1446 mensurari?
525 1397 582 1447 crs.
608 1397 677 1444 Sene.
709 1396 813 1446 Arene.
836 1397 1027 1462 longitudinem,
1043 1398 1150 1462 inquom,
1166 1399 1198 1446 sd
1215 1397 1394 1462 longitudinem.
1410 1405 1437 1446 et

347 1477 497 1526 latitudinem
509 1475 540 1524 ed
551 1475 708 1532 latitudinem,
721 1484 746 1524 et
756 1476 942 1540 profunditatem
951 1477 1059 1526 similiter
1070 1480 1251 1528 commensursri
1262 1494 1328 1543 posse
1339 1487 1432 1528 utun.

348 1558 423 1622 [820]
449 1557 680 1606 cervenensem
696 1556 800 1621 quidem.
832 1556 934 1605 Arses.
951 1557 1020 1614 Quod
1048 1558 1070 1605 si
1090 1557 1170 1623 sliqns
1190 1573 1268 1624 neque
1286 1559 1435 1608 uehementer

349 1652 428 1701 neque
439 1637 537 1684 remisse
547 1635 574 1684 id
584 1643 690 1700 possunt,
706 1637 748 1684 sed
763 1637 811 1684 elis
824 1644 922 1700 possunt
932 1637 1037 1701 quidem,
1054 1637 1103 1686 slis
1122 1639 1226 1696 minime,
1237 1649 1264 1688 tn
1282 1649 1358 1690 sutem
1369 1645 1438 1702 pntn

349 1717 430 1766 omnis
439 1732 526 1782 posse:
544 1717 661 1780 quomodo
677 1718 706 1764 sd
721 1718 772 1766 hmo
791 1733 817 1766 es
833 1719 948 1766 effectus?
965 1716 1023 1768 Cur.
1040 1719 1115 1767 Molo.
1131 1717 1236 1770 Arses.
1256 1720 1321 1778 Quid
1340 1720 1438 1768 rursum?

348 1797 518 1862 longitudinem
535 1795 728 1861 latitudinemque
744 1797 775 1845 sd
791 1797 984 1862 profunditatem,
1001 1800 1039 1848 rel
1056 1800 1207 1848 leutudmem
1224 1800 1439 1865 tongtmdtnenqoe

348 1879 459 1934 invicem,
469 1893 550 1926 nonne
570 1877 648 1926 Greci
659 1893 740 1926 omnes
751 1879 876 1942 opinentur
886 1880 1059 1944 quodammodo
1068 1895 1138 1944 posse
1147 1881 1329 1930 commensursri
1341 1881 1349 1928 i
1383 1879 1441 1930 Cur.

350 1958 463 2006 Omnino.
496 1957 600 2006 Aruns.
617 1957 688 2015 Quod
699 1959 719 2006 si
728 1959 794 2006 nullo
804 1967 873 2022 pecto
883 1967 989 2023 possunt,
1002 1975 1085 2008 omnes
1096 1969 1176 2008 sutem
1188 1960 1277 2017 Greci,
1287 1969 1315 2010 ut
1324 1959 1440 2018 dioehsm,

353 2053 422 2102 posse
435 2039 582 2088 existimant:
601 2053 680 2086 nonne
689 2053 732 2102 per
742 2049 778 2086 est
788 2053 830 2086 rios
840 2038 943 2086 omnium
952 2054 1024 2088 esuss
1031 2038 1117 2089 rubore
1127 2049 1255 2090 commotos
1262 2040 1291 2088 sd
1302 2055 1344 2090 eos
1355 2039 1442 2098 disere,

351 2119 406 2168 Hoc
427 2135 499 2168 unum
517 2120 547 2168 de
568 2119 615 2168 illis
623 2129 667 2176 est,
678 2135 693 2167 o
704 2119 840 2168 Graeeomm
846 2119 938 2184 optimi,
949 2135 1001 2183 quae
1013 2121 1118 2184 ignorem
1128 2120 1224 2184 quidem
1233 2129 1301 2184 turpe
1311 2137 1363 2170 eme
1375 2122 1441 2170 dioe-

351 2199 450 2258 bemns:
474 2216 543 2248 nosse
560 2209 639 2248 sutem
660 2200 799 2256 decesseris,
824 2215 872 2248 non
897 2200 1025 2250 admodum
1052 2202 1196 2266 praeolerurn.
1227 2201 1284 2250 Cur.
1302 2201 1351 2250 Cor
1368 2201 1439 2248 son?

352 2279 456 2330 Arnus.
473 2281 590 2330 Praetereu
606 2282 650 2330 slis
662 2282 769 2345 quedem
777 2289 832 2330 runt
841 2282 877 2328 his
887 2281 975 2338 effinis,
984 2283 1010 2330 in
1022 2283 1108 2346 quihus
1117 2282 1221 2330 similiter
1231 2295 1344 2330 erremus.
1378 2279 1440 2330 Cur.

352 2361 484 2418 Quenum?
520 2361 622 2410 Arnen.
639 2362 694 2420 Qus
709 2371 792 2411 nature
803 2363 893 2410 loctnrn
903 2363 941 2420 sit,
952 2371 980 2412 nt
989 2364 1037 2412 elis
1045 2364 1145 2412 invicem
1155 2361 1336 2412 commensursri
1347 2361 1442 2426 possint

349 2443 455 2506 quidem,
471 2442 518 2490 slis
534 2458 590 2492 vero
607 2459 655 2492 oon
670 2444 768 2508 possint.
784 2444 835 2492 hee
851 2459 909 2492 sene
920 2460 1061 2509 cognoscere
1072 2445 1226 2494 necesssrinm
1236 2451 1280 2500 est,
1292 2444 1331 2490 sel
1342 2443 1440 2492 omnino

351 2520 461 2570 inutilem
478 2537 529 2570 esse
547 2523 616 2572 illum
635 2523 676 2588 qni
694 2524 794 2586 ignoret.
811 2524 836 2571 in
855 2524 891 2572 hio
909 2540 964 2589 ergo
975 2524 1130 2574 ammineum
1140 2525 1231 2570 trsliere
1242 2537 1329 2570 morsm
1340 2529 1441 2586 oportet

351 2602 433 2650 senilis
443 2603 507 2650 enim
518 2604 555 2651 hic
567 2603 635 2652 ludus
646 2603 720 2652 multo
731 2603 859 2666 jucundior
868 2606 919 2662 erit,
936 2587 1007 2669 quum
1016 2605 1115 2654 telorum
1125 2613 1149 2652 et
1157 2614 1306 2658 tessersrum,
1322 2603 1441 2665 liberoque

351 2681 447 2729 homine
457 2681 572 2746 dignius·
591 2683 650 2734 Cor.
666 2683 772 2741 Quidni?
790 2686 889 2733 multum
906 2686 971 2734 enirn
987 2695 1080 2734 tessere
1096 2687 1193 2748 isteque
1209 2685 1323 2734 doctrinm
1339 2684 1401 2732 inter
1414 2699 1441 2732 se

352 2760 439 2810 distsre
449 2749 567 2813 videntur.
599 2763 703 2814 neers.
720 2765 780 2814 llaeo
790 2766 850 2830 ipse,
867 2782 882 2814 o
898 2766 984 2824 Clinis,
1002 2767 1116 2816 discenda
1127 2765 1258 2831 junioribus
1273 2780 1367 2814 censeo.
1386 2779 1441 2812 nsns

353 2857 398 2894 nec
415 2843 487 2891 noxis
505 2859 584 2908 neque
603 2844 708 2894 difficilis
727 2855 796 2894 sunt:
815 2855 840 2896 et
851 2848 955 2897 ludendo
967 2846 1326 2913 perceptuproderuntciuiteti,
1344 2847 1442 2894 oberunt

352 2931 430 2973 sutem
449 2939 578 2990 nunquam.
596 2924 767 2976 attendendum
786 2935 821 2976 est
838 2935 926 2986 eutem,
944 2928 964 2976 si
982 2929 1034 2993 quie
1053 2929 1121 2976 aliter
1140 2929 1215 2978 dicet.
1254 2927 1311 2976 Cur.
1332 2925 1439 2983 Quidni?

351 3005 455 3056 Arnen.
473 3006 499 3054 Si
508 3007 558 3058 broc
570 3007 603 3056 itu
613 3007 731 3056 heberese
741 3008 1050 3072 videhnnmr,prohehimus
1059 3010 1158 3074 utique:
1176 3009 1212 3058 sin
1224 3009 1299 3064 sliter,
1309 3005 1441 3070 reprobabi-

351 3099 413 3134 mus.
446 3086 505 3135 (ἔω.
521 3086 559 3136 Its
567 3095 638 3136 certe.
646 3103 725 3136 nonne
735 3089 814 3154 igitur,
823 3090 915 3154 hospes,
925 3091 961 3138 lim
970 3091 1046 3148 nohis,
1055 3099 1169 3155 tunquam
1177 3088 1309 3138 neceessn'e
1317 3085 1440 3142 doctrino,

351 3165 421 3216 modo
440 3168 573 3216 omoiendae
592 3175 654 3224 suot,
674 3184 705 3218 ue
725 3169 803 3222 innuis
812 3171 882 3220 nohis
892 3172 922 3222 eit
935 3171 1012 3236 legum
1024 3173 1152 3222 neoterio?
1185 3173 1286 3218 Arruns.
1300 3167 1440 3216 Suncisntur

353 3245 456 3315 quidem,
474 3246 518 3296 sed
535 3263 565 3296 es
581 3249 725 3308 conditione,
746 3261 773 3300 ut
789 3254 872 3302 solvis
885 3254 974 3320 reliquo
985 3253 1117 3316 disciplinis
1130 3251 1207 3304 civilis
1217 3251 1299 3300 ordine
1311 3247 1442 3313 possintsi

352 3327 411 3376 lorte
422 3329 487 3378 nollo
500 3329 569 3377 modo
581 3332 618 3378 uel
628 3332 770 3395 ponentibus
780 3333 848 3382 nohis
856 3334 895 3380 rel
905 3333 981 3390 vohis,
992 3334 1078 3398 quibus
1087 3333 1163 3396 positu
1171 3333 1266 3386 inerint,
1277 3329 1441 3396 prohibentur·

353 3406 412 3456 Cur.
428 3410 442 3459 J
445 3417 498 3459 uste
507 3412 557 3460 hmo
566 3420 602 3480 est
613 3413 705 3476 positio.
738 3411 842 3462 Aruns.
858 3413 906 3462 Sed
918 3414 1065 3462 advertemus
1076 3429 1147 3468 nnnc,
1157 3422 1235 3462 utrum
1246 3412 1367 3462 stellsrnro
1374 3407 1442 3458 nobis

353 3490 461 3538 doctrine
479 3492 581 3556 plecest.
615 3492 734 3542 Cn1.Dic
757 3494 835 3542 modu.
867 3492 972 3543 Aruns.
988 3494 1077 3542 Mirum
1097 3492 1192 3557 quidin
1209 3493 1247 3542 his
1264 3492 1358 3548 cosidii,
1376 3489 1441 3553 q⁰⁰d

350 3571 444 3620 tolerari
456 3572 551 3620 minime
562 3580 649 3636 potest.
666 3571 738 3636 [sut]
756 3572 815 3622 Cur.
832 3573 896 3630 Quid
908 3573 988 3622 illud?
1005 3574 1109 3624 Aruns.
1125 3575 1256 3632 Maximum
1268 3573 1346 3622 &um
1353 3579 1442 3620 totum-

353 3666 399 3714 que
415 3653 528 3700 mundum
548 3653 648 3702 dicimus
666 3652 830 3717 inquirendum
841 3669 889 3702 non
899 3670 960 3710 esse,
972 3670 1017 3704 nee
1027 3670 1100 3702 rerum
1111 3670 1194 3704 censu
1203 3655 1276 3703 multo
1284 3653 1363 3700 studio
1373 3651 1443 3700 inds-

352 3731 458 3795 gsodns:
476 3748 520 3789 neo
538 3733 605 3796 pium
618 3732 645 3780 id
659 3732 772 3788 ducimus,
789 3749 843 3782 com
861 3741 940 3784 tanuen
958 3735 1098 3784 eontrarium
1117 3737 1223 3784 uidentur
1233 3743 1297 3784 reete
1307 3733 1359 3782 fieri
1367 3749 1443 3798 posse.

353 3813 411 3861 Cor.
429 3814 484 3870 Quo
493 3825 564 3878 puoto
575 3813 655 3862 dicia?
688 3813 791 3862 Aruns.
808 3813 901 3882 Nempe
917 3817 968 3866 hnc
980 3817 1057 3866 eliens
1067 3817 1161 3880 quidem
1174 3815 1329 3865 sseniorihus
1339 3815 1444 3867 doctius

352 3894 483 3943 uidebitur:
501 3896 543 3944 sed
560 3911 615 3944 cum
631 3895 736 3960 probum,
752 3910 829 3944 veroni
841 3896 977 3964 civitatique
991 3896 1073 3952 utilem
1084 3912 1111 3946 se
1123 3897 1177 3946 Deo
1187 3897 1233 3962 ipsi
1244 3897 1344 3946 soricem
1354 3904 1442 3960 potem,

357 3973 427 4022 silere
445 3989 494 4022 nou
511 3991 612 4039 possum
646 3976 703 4025 Cur.
721 3976 1007 4040 Consentunesloqueris,
1023 3979 1065 4026 sed
1076 3977 1185 4042 nunquid
1195 3977 1441 4028 eircsstellssdoctri·

353 4069 409 4107 nom
425 4054 495 4104 telem
515 4056 673 4120 reperiemus?
713 4057 816 4107 Aruns.
833 4059 962 4107 Mentimur
976 4075 1049 4117 nnnc,
1065 4074 1081 4108 o
1099 4058 1156 4110 boni
1172 4059 1224 4116 viri,
1237 4057 1268 4108 de
1278 4059 1372 4122 mugnis
1382 4057 1440 4114 Diis,

353 4135 403 4190 sole
413 4135 468 4182 dico
478 4150 506 4184 so
517 4136 582 4192 lone,
594 4137 728 4186 utbreviter
739 4137 826 4198 dicem,
843 4139 924 4190 Greci
934 4155 1023 4189 omnes.
1056 4137 1115 4188 Cer.
1132 4141 1188 4197 Qus
1197 4140 1288 4188 munus
1297 4139 1439 4188 mentimur?

354 4215 459 4264 Arnen.
473 4215 551 4268 Solem
571 4231 599 4267 so
614 4217 693 4264 lunum
712 4233 830 4284 nunquam
849 4222 893 4272 iter
910 4222 973 4271 idem
991 4221 1069 4270 iecere
1084 4221 1251 4285 opinemur,et
1262 4219 1320 4268 nlius
1331 4218 1439 4284 qussdsrn

354 4313 409 4346 cum
420 4297 456 4344 his
466 4296 545 4347 stelles
553 4311 626 4343 emere
637 4297 745 4354 dicimus,
757 4317 815 4364 quus
825 4303 932 4367 planetes
949 4318 1067 4352 roesmus.
1101 4302 1159 4362 Cpr,
1176 4301 1224 4350 Per
1240 4301 1337 4360 lovem,
1350 4301 1441 4364 hospes,

353 4393 434 4428 vesum
452 4385 496 4434 θθῑ,
518 4377 580 4440 quod
598 4376 665 4429 dicit·
681 4393 744 4442 saepe
762 4397 864 4448 numque
884 4386 934 4448 ipse
945 4385 1019 4434 oculis
1030 4383 1086 4442 uidi,
1098 4382 1234 4432 Luciferum
1243 4389 1268 4432 et
1279 4381 1441 4446 Hesperumet

354 4460 413 4508 oties
431 4458 544 4523 quaedum
561 4473 681 4522 nunquam
693 4462 793 4514 eundem
804 4463 881 4526 fecere
899 4481 1000 4530 cursum,
1009 4466 1051 4514 sed
1062 4465 1160 4514 omnino
1170 4478 1261 4512 errore:
1280 4461 1441 4524 celenensem

354 4555 382 4598 so
401 4541 480 4598 lunum
496 4554 571 4590 errore
591 4555 683 4606 semper
703 4555 784 4592 omncs
794 4531 953 4612 co‘gooiimus.
985 4547 1090 4597 Aruns.
1106 4547 1174 4604 lino,
1185 4560 1200 4593 o
1212 4543 1312 4610 Megillo
1323 4552 1347 4594 et
1357 4539 1442 4598 emis.
