3160 5314
705 1126 1043 1208 CLITOPHON.

675 1387 858 1452 socnam,
876 1386 1080 1438 cttrorttort.
1166 1417 1170 1426 ·

326 1654 401 1719 [4⁰8]
419 1650 515 1700 Num
535 1649 591 1700 milri
609 1649 690 1698 retulit
706 1648 801 1713 quidam
820 1646 1009 1712 Clitoplrontern,
1028 1645 1175 1712 Aristonymi
1194 1649 1276 1710 lilium,
1286 1653 1424 1720 loquentem

325 1747 380 1781 corn
391 1731 472 1796 Lysia.
483 1731 585 1782 Socratis
596 1731 691 1795 quidem
702 1729 896 1777 consuemdinem
915 1728 1057 1792 vituperare.
1068 1728 1236 1795 Thrasymacil
1254 1749 1309 1784 vero
1327 1733 1423 1788 laudare

327 1827 469 1877 magnopere
490 1813 593 1860 solitum.
627 1810 686 1859 Cas.
703 1809 816 1873 Quisquis
838 1810 887 1872 ille,
907 1825 921 1857 o
938 1809 1053 1864 Socrates.
1065 1809 1216 1867 morianensi
1234 1823 1297 1864 recte
1314 1819 1423 1876 narrarit,

325 1895 420 1957 quasde
431 1901 455 1941 te
466 1907 519 1941 cum
530 1893 603 1956 Lysia
623 1907 674 1939 sum
693 1889 794 1939 locatus·
810 1905 863 1938 nam
883 1890 908 1937 in
927 1889 1068 1953 quibusdam
1086 1890 1180 1939 laudavi
1197 1895 1264 1949 teia
1283 1897 1423 1960 quibusdam

325 1973 429 2022 minime.
463 1973 592 2038 Postquam
612 1987 666 2021 sero
683 1979 765 2036 aperte
786 1985 910 2020 socemses
930 1970 1150 2034 mihi‚quamqoam
1169 1973 1309 2038 dissimulas,
1321 1985 1345 2025 te
1362 1977 1423 2025 nitril

324 2069 413 2112 curare,
425 2053 578 2104 libentissime
588 2069 634 2118 ego
643 2051 750 2118 ipsatibi
761 2051 803 2100 illa
813 2053 910 2100 referam
922 2069 928 2098 :
946 2051 1075 2116 presertim
1086 2068 1139 2101 cusu
1151 2053 1195 2102 soli
1206 2054 1294 2102 rimuss
1311 2071 1342 2104 ne
1359 2059 1424 2106 adeo

323 2143 347 2184 te
358 2135 450 2200 despici
462 2143 540 2200 putes.
573 2135 644 2184 Forte
653 2134 716 2183 enim
727 2149 790 2182 nunc
802 2147 850 2182 non
862 2139 925 2181 recte
936 2133 1022 2180 audisti
1034 2149 1040 2180 2
1058 2133 1168 2197 quocirca
1180 2135 1290 2184 intensior
1300 2135 1356 2184 milri
1366 2139 1423 2184 red-

324 2215 388 2264 ditus
398 2231 432 2278 ss,
442 2231 512 2280 qoam
523 2217 615 2264 decem
649 2213 684 2262 At
694 2213 714 2261 ri
724 2214 775 2276 ipae
786 2212 843 2260 milri
854 2219 994 2276 potestatem
1014 2213 1086 2262 libere
1106 2213 1217 2277 loquendi
1235 2215 1336 2277 dederim·
1347 2217 1425 2265 libers.

323 2297 411 2345 tissime
423 2313 470 2348 rem
482 2297 526 2344 tibi
538 2295 643 2343 narrabo·
676 2293 718 2342 So·
735 2291 769 2340 Αι
778 2301 846 2355 turpe
865 2291 962 2340 nimium
982 2299 1053 2348 esset,
1063 2292 1084 2340 si
1101 2299 1134 2348 te,
1144 2294 1253 2356 prodesse
1271 2293 1344 2360 [tot]
1364 2297 1424 2345 milri

323 2377 451 2433 volentem,
469 2391 516 2424 non
535 2375 641 2424 tolerem·
674 2372 775 2422 Constat
792 2373 863 2434 enim,
877 2371 920 2420 ubi
940 2371 1086 2434 intellexero,
1107 2388 1155 2436 qua
1175 2373 1257 2432 malus,
1277 2389 1325 2438 qua
1345 2377 1423 2426 bouus

324 2456 376 2514 dm,
387 2456 502 2504 deteriora
518 2457 689 2506 declinaturum
707 2469 757 2502 esse
776 2469 818 2518 pro
838 2453 933 2509 riribus,
944 2453 1041 2501 meliora
1058 2461 1243 2516 pmsecuturum.
1276 2455 1335 2505 Car·
1354 2458 1424 2506 Audi

323 2535 402 2598 igitur.
437 2535 553 2600 Eqmdem
575 2544 652 2586 tecum
672 2541 786 2596 versatus,
804 2549 974 2598 sepenumero,
993 2533 1111 2592 Socrates,
1131 2535 1282 2585 veliementer
1302 2537 1423 2602 obstupui,

323 2617 380 2664 dom
392 2625 416 2663 te
426 2615 560 2680 loquentem
571 2618 685 2680 audirem,
695 2616 797 2679 mihique
809 2615 875 2664 risus
885 2631 911 2663 cs
921 2613 1096 2678 praeclarissime
1108 2616 1213 2664 oruuium
1232 2618 1318 2681 dicere,
1329 2620 1422 2682 quoties

323 2696 450 2760 objurgans
466 2698 581 2760 homiues,
598 2698 672 2746 veluti
689 2714 703 2745 e
723 2697 831 2744 machina
849 2696 936 2760 tragica
955 2694 1031 2750 Deus,
1049 2695 1128 2742 subito
1148 2697 1297 2754 eaelamares,
1309 2699 1423 2774 Quonarq

323 2776 534 2840 ruitis,lsooriocsl
551 2779 654 2836 nescitis,
665 2794 713 2842 quo
732 2777 847 2838 feramini,
858 2791 935 2840 neque
953 2783 1112 2839 opportunum
1132 2777 1262 2841 quidquam
1280 2779 1359 2841 agitis,
1377 2781 1422 2842 qui

324 2857 388 2904 omni
409 2859 488 2906 studio
510 2859 615 2922 pecuniis
631 2859 778 2906 cumulandis
797 2857 942 2912 incumbitis,
963 2856 1024 2903 lilios
1042 2863 1131 2913 autem,
1148 2857 1233 2920 quibus
1255 2873 1294 2905 cas
1316 2857 1421 2907 relictori

323 2937 388 2998 catis,
400 2937 527 3001 negligitis,
539 2953 624 3001 neque,
636 2947 662 2985 ut
672 2937 717 2984 illis
726 2936 790 2998 juste
802 2937 835 2984 uti
847 2937 931 2992 sciant,
943 2951 984 2984 eos
992 2934 1092 2998 justitiae
1105 2937 1288 3000 preceptoribus
1300 2953 1421 2986 commen-

323 3017 395 3074 datis,
404 3019 445 3082 qui
458 3016 693 3080 doceantjostitiam,
704 3017 722 3064 si
733 3017 813 3065 do'ceri
833 3023 920 3080 potcst,
932 3026 966 3080 ot,
978 3016 996 3064 si
1017 3015 1183 3064 exercitatione
1200 3031 1228 3064 ac
1247 3019 1421 3069 cousuetudine

323 3099 481 3161 comparanda
496 3105 539 3153 eat,
551 3097 675 3161 diligenter
691 3105 823 3146 exerceant.
856 3096 942 3160 Neque
960 3111 1004 3144 sos
1021 3097 1090 3143 otiam
1109 3095 1172 3158 ipsus
1191 3095 1288 3166 curastis
1306 3111 1422 3160 unquam.

323 3177 371 3224 Sed
382 3194 435 3226 curn
448 3177 556 3241 videatis,
566 3177 650 3234 literas,
661 3178 771 3226 musicam
789 3185 814 3225 et
825 3177 995 3242 gymnasticam
1014 3191 1054 3222 sos
1073 3174 1178 3238 filiosque
1198 3183 1284 3222 vestros
1303 3177 1333 3222 ad
1354 3178 1421 3224 suffi-

320 3257 431 3306 cientiam
442 3266 589 3316 consecutos,
601 3274 670 3321 quam
682 3258 773 3306 virtutis
783 3257 932 3320 disciplinam
944 3255 1072 3319 perlectam
1083 3253 1226 3312 esistimatis‚
1234 3254 1321 3304 deinde
1330 3255 1421 3304 nilsilo-

321 3335 399 3386 minus
409 3339 471 3387 circa
486 3339 598 3401 pecunias
617 3354 701 3403 pravos
717 3353 827 3400 esse‚cur
846 3353 893 3385 non
912 3345 1049 3401 prrescntcru
1066 3337 1229 3384 educationem
1248 3338 1421 3386 contemnitis?

321 3431 363 3464 cur
373 3433 420 3466 uon
431 3420 533 3482 queritis
544 3419 644 3482 aliquos,
654 3420 695 3482 qui
707 3435 747 3466 ros
757 3419 787 3466 ab
799 3420 844 3466 lrac
863 3418 886 3464 in
906 3417 994 3465 musica
1012 3416 1157 3464 dissonantia
1175 3416 1286 3465 liberent?
1324 3418 1421 3466 Etenim

321 3508 418 3561 propter
428 3500 472 3547 hoc
484 3499 596 3547 delictum
607 3499 783 3562 socordiamque
794 3498 877 3561 iungis,
890 3513 959 3560 quam
974 3505 1068 3560 propter
1079 3496 1147 3560 pedis
1158 3497 1188 3544 ad
1206 3497 1278 3560 lyram
1298 3497 1419 3546 dissonam

322 3580 460 3640 motionem,
472 3587 496 3627 ct
506 3581 575 3628 irater
586 3581 696 3627 adsersus
708 3579 808 3635 tratrem,
819 3587 843 3624 et
854 3579 938 3626 civitas
949 3579 1059 3625 adversus
1071 3577 1127 3624 alias
1139 3577 1254 3633 civitates,
1265 3578 1420 3625 immoderata

323 3668 348 3706 ct
359 3661 463 3708 discordi
473 3661 589 3708 seditione
602 3663 696 3708 suborta
708 3661 820 3715 lcnsutur¹
832 3668 857 3706 et
867 3660 991 3707 commisso
1003 3659 1084 3722 prurio
1095 3665 1197 3705 extrema
1209 3658 1328 3720 patiuntur
1338 3665 1362 3704 et
1380 3658 1420 3704 in·

320 3739 408 3788 icrunt.
443 3738 493 3786 Vos
504 3747 581 3786 auteur
594 3739 681 3794 dicitis.
692 3755 739 3786 non
752 3747 846 3803 propter
856 3740 980 3786 ruditatem
998 3737 1169 3800 inscitiamque,
1181 3739 1221 3785 sed
1240 3745 1324 3800 sponte
1343 3735 1420 3798 injus-

322 3822 359 3862 tos
369 3833 419 3866 esse
431 3835 481 3879 cos,
492 3821 532 3882 qui
544 3829 598 3868 sunt
610 3819 690 3882 injusti
702 3838 707 3865 ι
726 3834 848 3882 rursusque
859 3835 958 3868 asserere
970 3834 1016 3866 non
1033 3818 1155 3879 dubitatis,
1171 3817 1309 3880 injustitiam
1326 3825 1419 3878 turpem

322 3909 372 3942 esse
382 3911 439 3953 rem,
452 3898 552 3961 Deoque
563 3901 677 3948 odiosam.
711 3899 788 3956 Quam
802 3897 871 3962 igitur
882 3901 912 3946 ob
921 3915 1016 3947 causans
1027 3900 1071 3945 lroc
1079 3905 1169 3946 tantum
1178 3897 1354 3960 rualuorspontc
1363 3897 1419 3959 quis

322 3974 406 4036 eligit?
440 3975 609 4040 llespondetis‚
620 3981 738 4027 lronriuem
751 3987 884 4042 superatum
898 3980 1058 4043 voluptatibus
1071 3979 1094 4025 id
1106 3978 1190 4025 subire.
1223 3977 1310 4024 Nonne
1322 3991 1419 4040 supera·

321 4051 350 4113 ri,
361 4061 443 4114 praeter
453 4056 595 4106 voluntatem
606 4069 649 4116 cst,
661 4061 852 4124 quandoquidem
869 4077 896 4108 en
916 4061 1036 4114 voluntate
1055 4067 1091 4106 eat
1109 4059 1233 4121 superare?
1267 4058 1421 4120 Quapropter

321 4132 408 4195 injuste
419 4149 497 4196 agere,
509 4145 590 4198 prater
601 4140 744 4188 voluntatem
757 4157 817 4202 esse,
829 4141 924 4188 cumino
937 4141 994 4187 ratio
1012 4139 1140 4188 conuincit.
1174 4137 1353 4201 Diligentiorem
1372 4137 1419 4185 ita-

322 4228 368 4276 que
380 4229 467 4270 curam,
479 4229 547 4277 quam
559 4219 628 4274 solet,
639 4221 757 4278 adhibere,
769 4229 793 4268 ct
804 4221 864 4266 viros
875 4237 956 4268 ornnes
967 4221 1073 4283 privatim
1086 4228 1109 4266 et
1120 4219 1214 4282 publice
1224 4218 1331 4264 civitates
1339 4217 1421 4266 decet.

323 4291 424 4350 Quoties
443 4295 495 4350 ista,
506 4297 623 4356 Socrates,
634 4299 704 4346 audio
724 4307 746 4347 te
767 4301 989 4356 dicentem‚snirum
1008 4301 1030 4346 in
1049 4300 1144 4345 niodum
1164 4298 1268 4346 delector
1287 4312 1314 4344 uc
1335 4297 1419 4360 laudo,

321 4374 431 4437 idemque
451 4375 520 4431 lucio,
532 4391 585 4422 curn
605 4393 707 4440 ca‚qurc
727 4389 863 4442 sequuntur,
874 4380 990 4428 ausculto.
1025 4379 1102 4426 addis
1122 4379 1194 4434 euim,
1214 4395 1263 4433 cos,
1280 4377 1419 4441 quicunque

320 4469 405 4517 corpus
424 4455 519 4518 quidem
540 4466 657 4514 exercent,
677 4460 779 4507 animum
799 4477 854 4508 vero
874 4462 1006 4523 negligunt,
1025 4461 1089 4523 quod
1109 4467 1191 4506 nutura
1213 4458 1344 4520 subjectum
1372 4468 1420 4514 est,

319 4535 411 4598 colere;
429 4552 536 4600 spenrere
558 4541 697 4602 rcro,quod
715 4542 822 4605 imperat.
856 4541 916 4590 ltcrn
940 4542 1065 4606 uuicuique
1087 4555 1154 4588 usum
1176 4539 1227 4601 rjus
1251 4538 1291 4596 rei,
1311 4553 1359 4602 qua
1382 4541 1419 4586 uti
