3110 5320
124 525 196 610 tte]
449 533 503 594 DE
526 533 756 598 REPUBLICA
781 542 855 602 LlB.
879 545 962 605 vm.
1164 557 1224 615 209

121 692 190 748 agat:
208 685 401 750 aquibusetiam
414 689 469 736 odio
486 691 606 748 habeatur,
625 694 661 742 rel
679 697 776 754 omnino
793 715 839 746 non
852 701 923 749 visat.
957 705 1018 756 Aur.
1034 707 1098 757 Talis
1116 713 1221 775 prolecto

121 765 171 828 ejus
181 767 290 814 conditio
301 777 346 815 est.
379 769 422 816 So.
441 769 536 826 Nonne,
547 788 595 836 quo
606 773 744 824 inlensinres
756 778 911 844 hubet'cives,
922 783 977 831 dum
987 787 1037 835 haec
1045 791 1103 852 agii,
1112 807 1141 839 eo
1149 793 1220 855 pluri·
1255 837 1261 856 ,

121 846 163 892 bus
173 855 197 893 et
208 845 354 895 fidelioribus
365 849 505 897 satellitibus
516 853 624 916 indiget?
659 854 722 903 Λιιι.
740 856 805 913 Quid
816 859 923 920 prohibet
934 864 943 910 ?
976 865 1019 914 So·
1037 869 1140 925 Quinam
1150 873 1220 936 igitur

120 925 172 974 lruic
184 925 267 974 fideles
279 929 397 976 manime?
415 931 478 978 unde
490 931 541 978 illos
558 935 679 981 accerset?
713 935 774 987 Λιιι.
794 937 862 986 Ultro
879 943 1024 994 advolabunt
1036 949 1140 1014 undique
1152 955 1219 1004 multi

122 1008 226 1054 mercede
247 1007 350 1070 pellecti.
384 1009 427 1057 So.
446 1009 520 1058 Fucos
538 1012 619 1062 iterum
642 1015 697 1062 milri
720 1016 805 1066 rideris
827 1035 869 1082 per
889 1038 971 1072 canem
994 1030 1107 1090 quosdam
1130 1032 1218 1092 dicere,

119 1087 217 1133 externis
228 1095 254 1134 et
265 1087 334 1136 ratiis
346 1105 373 1136 es
383 1090 493 1153 gentibus
500 1091 657 1141 confluentes.
691 1095 751 1142 Ant.
770 1096 831 1146 Vere
840 1099 881 1147 tibi
891 1102 979 1151 rideor.
1011 1107 1053 1155 So.
1071 1109 1131 1166 Quis
1139 1121 1217 1161 autem

119 1181 144 1213 ea
155 1165 294 1230 indigenis?
311 1183 390 1216 nonuc
409 1167 491 1234 aliqui,
503 1170 521 1216 si
540 1171 657 1219 soluerit?
692 1173 753 1222 Ant.
771 1176 827 1232 Quo
845 1183 934 1239 pacto?
967 1185 1010 1232 So.
1026 1187 1121 1237 Scilicet
1131 1192 1151 1238 si
1164 1209 1218 1256 pro·

118 1245 171 1305 priia
181 1247 254 1294 servis
266 1248 373 1302 sublatis.
385 1249 485 1298 soluerit
495 1247 558 1298 cives
567 1251 658 1316 aliquos
669 1255 765 1302 liberare
776 1265 800 1305 et
806 1259 1000 1311 satellitibussuis
1010 1267 1134 1318 asciscere·
1153 1271 1217 1324 Ant.

120 1326 222 1374 blasima
238 1329 344 1390 quidem.
362 1330 473 1392 quoniam
493 1331 622 1380 fidelissimi
640 1334 685 1382 sibi
703 1336 726 1383 iri
744 1347 807 1386 sunt.
841 1340 883 1388 So.
901 1343 979 1400 Qoarn
993 1347 1125 1408 preclaram
1139 1367 1215 1402 narras

119 1409 208 1470 tyranni
221 1409 402 1470 possessiouem,
421 1407 495 1474 [568]
513 1411 531 1457 si
551 1411 646 1474 quidem
666 1414 750 1462 talibus
770 1419 853 1467 amicis
874 1413 972 1486 litlisque
990 1425 1123 1476 bominibus
1135 1431 1215 1491 utitur,

118 1501 168 1533 eum
185 1487 276 1550 priores
289 1488 342 1536 illos
362 1491 495 1553 perdiderit.
530 1491 590 1541 Αιιι.
608 1493 719 1542 Attamen
738 1497 822 1545 talibus
840 1502 919 1550 utitur.
952 1505 995 1552 So.
1013 1506 1088 1572 Atqui
1106 1511 1217 1562 mirantur

19 1567 20 1590 ¹
118 1583 166 1614 eum
177 1567 247 1616 amici
267 1569 335 1624 tales,
346 1579 557 1635 conversanturque
570 1589 623 1622 curu
635 1591 664 1622 eo
676 1577 730 1623 nori
742 1579 805 1626 eires
816 1597 822 1626 ι
841 1583 953 1645 nequiores
971 1595 1049 1634 autem
1061 1588 1102 1636 riri
1113 1593 1215 1641 oderunt

117 1661 142 1706 ac
152 1647 253 1710 lugiunt.
287 1647 350 1696 Ant.
366 1649 430 1704 Quid
443 1651 525 1698 retati
558 1651 599 1700 So.
617 1653 672 1701 Nun
685 1663 771 1705 temere
781 1659 853 1720 igitur
865 1665 975 1726 tragedia
986 1667 1079 1730 sapiens
1090 1671 1213 1721 artificium

117 1743 172 1782 esse.
182 1728 278 1776 ridetur
288 1738 360 1792 atque
371 1731 394 1776 iu
406 1746 434 1777 ea
445 1729 569 1794 Euripides
581 1734 636 1796 jure
652 1736 727 1784 clarus
745 1739 850 1788 babetur.
883 1743 943 1791 Ant.
960 1747 1135 1803 Quamobrem?
1169 1753 1212 1801 So.

118 1807 184 1864 Quod
196 1819 222 1855 et
232 1809 278 1858 ltuc
298 1825 326 1858 ex
337 1810 455 1874 protunda
467 1821 543 1860 mente
555 1814 657 1862 cecinit:
675 1817 799 1880 Sapienter
818 1821 930 1886 tyrannos
948 1841 998 1874 esse
1011 1829 1143 1891 sapientum
1155 1847 1214 1879 con·

117 1889 253 1936 metudine:
272 1890 380 1953 dixitque
397 1891 439 1938 laos
456 1893 575 1956 sapientes
594 1911 653 1952 esse,
671 1899 712 1960 qui
732 1915 785 1946 curn
807 1902 841 1948 his
861 1919 1033 1954 conversamur.
1068 1909 1128 1957 Ant.
1146 1911 1212 1968 Quin

115 1969 179 2016 etiam
197 1969 350 2033 tyrannidem
369 1978 480 2036 tanquam
500 1989 547 2022 rem
567 1976 670 2023 divinam
689 1979 798 2027 extollit:
817 1983 910 2046 aliaque
929 1987 1043 2047 permulta
1063 1987 1106 2036 iste
1125 1989 1212 2055 aliique

115 2049 195 2111 pnite.
229 2047 274 2101 So.
293 2050 418 2100 Enimuero
428 2052 505 2116 poete
513 2055 605 2118 tragici,
617 2067 699 2120 utpote
710 2059 838 2122 sapientes,
850 2063 916 2111 uobis
928 2065 1059 2127 ignoscent,
1070 2077 1094 2115 et
1105 2069 1160 2124 illis,
1169 2073 1211 2134 qui

114 2131 204 2191 perinde
216 2145 246 2180 ae
256 2147 300 2180 nos
312 2133 487 2196 rempublicam
506 2135 678 2192 administrent,
689 2140 752 2201 quod
765 2157 806 2188 eos
822 2142 847 2188 in
860 2151 961 2190 nostram
974 2161 1020 2192 rem
1033 2147 1149 2209 publicem
1162 2166 1209 2200 non

113 2211 252 2260 admittimus
263 2221 376 2276 tanquam
394 2215 526 2278 tyrannidis
543 2219 686 2279 probatores.
720 2219 782 2269 Ant.
800 2220 936 2285 Ignoscent‚
955 2231 981 2272 ut
991 2227 1097 2287 arbitror,
1108 2230 1209 2292 quicun-

112 2307 154 2354 que
173 2294 291 2342 intereos
308 2294 457 2343 facundiores
474 2303 537 2346 sunt.
570 2297 613 2346 So.
632 2295 728 2346 Ceterss
745 2315 800 2348 sero
817 2301 963 2350 circumeunt
985 2305 1093 2355 civitates
1117 2311 1208 2358 terbum

111 2381 293 2436 congregantes:
310 2383 336 2422 et
345 2375 445 2439 egregiis
455 2382 480 2424 et
498 2376 624 2438 grandibus
643 2379 850 2445 probabilibusque
868 2383 974 2436 sonibus,
985 2384 1071 2448 quibus
1081 2401 1129 2434 non
1141 2387 1208 2438 deest

110 2454 218 2514 pretinm,
236 2455 378 2518 respublicas
388 2456 412 2502 in
424 2457 562 2518 tyrannides
573 2458 668 2506 trahunt
681 2467 706 2507 et
718 2461 853 2524 populsrem
863 2471 958 2512 statum.
991 2463 1052 2514 Αιιι.
1070 2465 1205 2516 Vehemen-

112 2541 152 2579 ter.
185 2532 228 2580 So.
246 2533 331 2583 Nonus
351 2551 393 2598 pro
413 2535 449 2584 lris
467 2535 566 2599 pretium
583 2537 681 2600 capiunt
698 2539 906 2606 ironorsntsrrque?
924 2544 949 2591 iu
966 2545 1044 2608 primis
1062 2548 1169 2610 quidem,
1180 2557 1208 2598 ut

109 2613 231 2662 verisimile
241 2624 285 2672 est,
302 2632 317 2663 a
327 2616 442 2680 tyrannis,
458 2617 545 2664 deinde
564 2617 634 2666 etiam
652 2635 665 2664 a
682 2621 790 2683 populari
807 2623 952 2672 conditione.
970 2633 995 2672 ιι
1012 2641 1066 2674 sero
1077 2643 1125 2690 quo
1137 2629 1206 2677 altius

111 2694 235 2741 escendunt
247 2695 271 2742 in
289 2697 388 2743 arduum
400 2711 474 2743 rerum
486 2696 630 2758 publicarum
644 2699 761 2757 verticem,
780 2703 852 2764 magis
862 2719 942 2752 eorum
953 2705 1035 2754 deticit
1047 2709 1129 2769 norror,
1139 2709 1206 2771 quasi

109 2773 206 2822 delessm
212 2775 328 2824 crebriore
340 2777 443 2824 nubelitu
454 2777 536 2824 ansius
548 2779 654 2841 progredi
672 2793 719 2827 non
729 2783 824 2830 valeret·
842 2783 906 2833 Aer.
918 2785 956 2832 Ita
967 2787 1082 2835 nimirum.
1100 2788 1143 2837 So.
1155 2787 1203 2836 Sed

110 2867 142 2907 ne,
158 2863 282 2919 postquam
300 2857 347 2904 huo
363 2855 461 2920 digressi
477 2875 564 2914 sununs,
583 2859 679 2908 ulterius
693 2861 859 2926 digrediamur,
873 2865 989 2923 dicamus,
1008 2867 1070 2914 unde
1090 2877 1203 2932 tyrannus

110 2935 228 2984 exercitum
239 2936 305 2984 illum
317 2953 384 2986 snum
397 2939 541 3001 preclarum¹
553 2940 641 2988 ratium
653 2957 791 3006 serrrperque
802 2945 919 2993 diuersum
931 2948 987 2994 alut.
1022 2947 1084 2996 Αιιι.
1102 2947 1204 2997 Constat

108 3012 129 3060 in
137 3016 295 3080 primis,quod
304 3019 323 3064 si
332 3034 385 3081 qua:
397 3027 452 3066 suut
463 3035 532 3068 sacra:
544 3035 602 3082 opes
613 3021 636 3066 in
646 3021 751 3079 civitate,
760 3039 799 3071 eas
809 3026 918 3089 surripiet
926 3037 1104 3090 consumetque.
1113 3043 1201 3090 quous·
1248 3045 1254 3054 ·

109 3111 149 3158 que
159 3097 199 3145 illa
208 3099 335 3154 sufficient,
346 3115 398 3162 quaa
411 3097 552 3164 renduniur,
562 3103 618 3148 cluse
631 3101 717 3150 leviora
729 3105 802 3168 erigit
813 3121 826 3152 a
839 3107 907 3168 plebe
919 3107 1013 3154 tributa.
1045 3107 1088 3154 So.
1106 3107 1171 3162 Quid
1182 3109 1202 3156 si

109 3193 160 3240 opes
170 3178 220 3225 iste
232 3179 378 3227 defecerint?
413 3181 472 3232 bnt.
490 3181 570 3239 Patet,
580 3185 643 3247 qnod
653 3200 681 3231 er
691 3187 793 3246 paternis
804 3187 878 3234 aletur
889 3187 974 3248 etipse
985 3195 1009 3234 et
1020 3187 1117 3248 college
1128 3187 1201 3248 ipsius

108 3259 328 3322 contubernalesque
339 3269 363 3307 et
380 3271 464 3308 acorts.
498 3263 541 3312 So.
559 3263 671 3326 intelligo
687 3265 806 3327 equidem,
818 3267 882 3328 quod
902 3267 1012 3329 populus,
1023 3265 1063 3328 qui
1076 3274 1200 3328 tyrannum
1288 3331 1289 3338 ἵ

106 3337 198 3398 genuit,
207 3337 285 3400 ipsum
295 3341 427 3404 amicosque
437 3340 489 3404 ejus
500 3344 609 3391 enutriet.
643 3343 706 3392 Ant.
724 3343 760 3391 lts
771 3343 873 3408 cogitur.
907 3348 948 3393 So.
965 3346 1030 3402 Quid
1043 3361 1107 3406 sero,
1119 3346 1137 3391 si
1147 3361 1201 3392 suc-

104 3425 199 3464 censeat
208 3418 431 3485 populus,dicatque
442 3422 503 3470 lraud
512 3439 604 3488 equum
614 3440 674 3480 esse,
687 3433 712 3472 ιιι
721 3425 815 3472 udultus
828 3425 913 3474 liliusa
926 3434 990 3489 patre
1001 3425 1101 3488 amplius
1112 3426 1201 3473 nutria-

104 3505 145 3551 tur,
157 3497 199 3544 sed
210 3507 290 3544 contra
307 3499 380 3549 afilio
397 3507 480 3564 pater:
500 3519 576 3566 neque
593 3519 618 3550 sc
639 3505 668 3550 ad
687 3505 730 3552 lroc
748 3521 801 3552 eum
819 3521 917 3562 creasse,
936 3505 1009 3570 [569]
1029 3517 1054 3552 ut
1072 3514 1197 3570 postquem

106 3576 239 3630 adoleverit,
250 3586 304 3625 tunc
313 3577 453 3642 ipse,serris
463 3581 515 3644 ejus
525 3582 666 3636 ministrans,
678 3585 764 3632 nutriat
775 3593 799 3632 et
810 3587 887 3648 ipsum
899 3594 923 3633 et
933 3585 1008 3649 ipsius
1019 3602 1096 3634 ιιινοι
1107 3595 1131 3633 et
1141 3587 1200 3634 allos

105 3669 181 3703 ornnes
191 3659 299 3720 nudique
309 3661 395 3712 conliur
404 3669 455 3710 ntes
465 3663 517 3724 ejus
533 3665 728 3726 adstipulatores:
747 3681 824 3714 renum
837 3675 863 3713 ιιι
873 3683 887 3713 ιι
899 3667 1009 3714 diuitibus
1029 3667 1074 3724 luis,
1086 3667 1126 3730 qui
1140 3682 1199 3729 prte-

103 3734 154 3782 clati
164 3747 188 3782 et
197 3737 254 3784 boui
265 3739 426 3788 existimantur
437 3745 460 3789 in
472 3745 577 3801 ciuitate,
588 3761 617 3793 eo
631 3747 728 3808 praeside
740 3748 866 3796 liberetur:
885 3756 955 3810 atque
963 3747 1086 3808 itajube'nt
1094 3747 1197 3810 populus

102 3815 162 3863 ubire
172 3817 238 3864 illum
250 3837 264 3868 e
274 3820 371 3870 civitate
379 3822 477 3886 ejusque
489 3826 586 3883 amicos,
598 3823 696 3890 perinde
707 3843 735 3875 ae
747 3837 812 3891 pater
822 3827 893 3875 filium
905 3829 975 3874 domo
989 3843 1098 3875 unacum
1111 3829 1198 3876 debac-

101 3896 216 3948 clrantium
239 3901 307 3947 turba
328 3903 468 3964 depellens?
502 3905 562 3952 Am.
581 3905 703 3970 Agnoscet
722 3923 763 3970 per
783 3907 868 3956 lovem
891 3917 947 3956 tuuc
968 3909 1062 3956 demum
1085 3908 1195 3972 populus,

100 3975 173 4036 qualia
182 3979 242 4041 ipse,
254 3989 279 4028 et
289 3981 353 4043 quali
367 3983 441 4030 bestia
452 3985 582 4034 delectatus
593 3987 632 4048 sit,
641 3988 697 4034 dum
707 4003 757 4034 eam
768 3995 887 4050 generaret
894 3997 965 4050 atque
973 3989 1083 4036 educaret
1093 4005 1098 4034 ε
1112 4004 1195 4052 quam·

100 4069 142 4116 que
153 4057 204 4122 ipse
214 4061 316 4109 debilior
327 4065 470 4126 potentiores
480 4065 565 4128 ejicere
577 4076 660 4115 tentat.
693 4068 735 4116 So.
754 4067 819 4124 Quid
833 4068 885 4114 sisi
902 4067 998 4116 audebit
1011 4077 1123 4132 tyrannus
1135 4069 1196 4133 patri

99 4137 141 4186 rita
160 4141 255 4198 inlerre,
275 4151 300 4190 et
317 4143 338 4190 si
358 4161 405 4192 non
426 4147 580 4210 obtemperet,
598 4149 735 4196 uerberare?
769 4149 831 4196 Αιιι.
849 4147 923 4196 lsnmo
943 4165 1013 4196 sero:
1033 4165 1085 4196 msm
1105 4151 1197 4198 auferet

98 4231 165 4268 ttms.
199 4221 242 4270 So.
261 4223 403 4273 Parricidae:
414 4243 470 4291 ergo
481 4230 542 4276 dicis
552 4246 602 4277 esse
612 4239 736 4294 tyrannum
748 4231 879 4292 durumque.
888 4231 1016 4278 senectutis
1025 4230 1195 4278 educatorem?

97 4299 174 4362 Atque
186 4311 212 4349 ut
224 4304 324 4360 ridetur.
338 4307 388 4355 bec
401 4310 494 4373 proprie
505 4321 542 4357 ess
553 4311 657 4374 tyrannis
667 4329 679 4384 :¹
693 4319 765 4372 utque
777 4311 856 4366 fertur,
870 4311 971 4374 populus
983 4309 1100 4358 seruitutis
1111 4309 1197 4357 libero·

95 4393 140 4426 mra
152 4382 247 4445 lugiens
258 4385 358 4443 sumum,
369 4387 395 4434 in
406 4389 523 4438 flammam
535 4407 652 4439 serrorum
668 4391 838 4438 dominationis
848 4391 941 4446 incidit,
952 4391 1005 4438 loco
1017 4390 1120 4454 ingentis
1131 4389 1194 4436 illius

95 4467 117 4504 et
127 4461 267 4524 importune
287 4465 555 4518 libertatisdnrissirnam
573 4471 790 4536 acerbissimamque
808 4487 923 4520 serrorum
941 4471 1035 4519 subiens
1051 4469 1197 4516 servitutem.

95 4537 155 4586 Am.
172 4541 329 4596 itaaimirem
350 4549 449 4598 accidit.
480 4553 524 4601 So.
541 4551 581 4601 An
601 4569 649 4602 non
670 4554 740 4615 igitur
762 4554 832 4616 probe
852 4569 866 4602 a
887 4554 953 4600 uobis
971 4553 1060 4600 dictum
1080 4548 1158 4674 legit,
1176 4547 1197 4594 si

161 4622 209 4672 Plu
235 4626 275 4674 Tr.
667 4633 702 4683 11.
1072 4633 1088 4675 ’Ἀ
