3174 5296
153 497 222 580 330]
561 496 757 561 EPISTOLA
778 499 848 559 Vll.
1185 499 1243 558 481

136 657 224 706 ‘omnis
241 656 409 721 perlecturum.
425 657 578 722 quamobrem
593 659 639 707 lrsc
654 657 773 705 sententis
791 653 924 718 fiduciaque
946 651 1017 702 domo
1030 651 1111 701 abiel:
1127 659 1176 701 nost
1197 667 1246 716 qua

134 738 412 803 opinabanturquidsm,
422 739 464 788 sed
474 739 576 803 quadam
586 738 692 787 scientim
701 736 848 786 verecundia
862 735 970 798 inprimis
977 733 1102 790 adductus,
1111 748 1142 785 ne
1149 733 1245 796 quaudo

144 819 201 866 mibi
211 819 258 883 ipsi
269 820 361 868 viderer
370 813 441 868 verbi
450 821 525 868 solans
538 819 633 876 hebere,
641 818 755 867 effectum
764 833 821 866 sero
831 815 980 879 officiumque
993 814 1086 864 nullum
1092 820 1178 877 sponte
1183 829 1243 877 pre·

144 908 215 956 stare,
227 900 373 964 proderequc
390 901 494 964 primum
503 900 589 948 Dionis
599 900 786 962 hospitalitatem
797 897 982 960 amicitiamque,
991 911 1040 944 uon
1048 895 1128 960 parvis
1141 894 1244 958 subjecti

143 980 263 1042 periculis.
271 981 310 1028 cui
320 983 340 1029 si
350 983 406 1045 quid
417 981 509 1030 aduersi
520 982 646 1036 accideret,
656 981 694 1027 sel
706 980 833 1042 pelleretur
840 994 855 1026 a
863 977 978 1042 Dionysio
987 977 1121 1039 ceterisque
1132 976 1243 1032 inuuicis,

143 1067 213 1123 atque
223 1063 335 1126 profugus
346 1065 376 1110 ad
388 1061 717 1122 uoslsisserbiscoufugerets
737 1061 759 1109 Ο
779 1060 857 1116 Plato,
875 1060 944 1107 renio
965 1059 995 1104 sd
1015 1067 1038 1104 te
1052 1058 1129 1120 patria
1150 1058 1243 1121 pulsus,

142 1155 195 1188 cum
205 1157 282 1204 neque
293 1143 407 1191 militibus
418 1158 496 1206 neque
507 1141 626 1205 equitibus
638 1155 750 1197 carerem,
762 1155 864 1204 quorum
877 1139 967 1187 viribus
980 1138 1113 1188 resisterem
1124 1137 1226 1184 inimicis
1236 1152 1244 1196 3

140 1222 182 1269 sed
193 1223 270 1270 verbis
280 1225 482 1288 persuadereque
492 1222 634 1286 indigerem,
653 1237 700 1284 qus
716 1221 819 1270 merisne
836 1221 941 1269 sciebam
961 1226 986 1266 te
1004 1233 1075 1282 posse
1088 1219 1190 1282 jurense
1212 1217 1243 1266 ad

139 1303 282 1364 probitatem
295 1305 459 1370 justitiamque
479 1302 626 1352 exhortando
646 1304 672 1359 in
695 1303 822 1352 amicitiam
844 1300 1092 1362 necessitudinemque
1113 1297 1242 1348 desinens.

139 1398 237 1446 quarum
249 1385 345 1434 deiectu
366 1400 446 1432 rerum
462 1384 532 1431 modo
554 1391 637 1446 perte
654 1383 744 1431 lactum
760 1391 805 1439 est,
825 1389 852 1430 ut
869 1398 915 1444 ego
926 1380 1048 1446 Syracusis
1066 1379 1180 1442 expulsus
1197 1378 1244 1426 boc

139 1465 286 1514 recesserim.
302 1473 327 1512 et
338 1481 390 1513 mea
400 1465 499 1529 quidem
509 1464 603 1512 fortuna
620 1463 662 1512 sbs
681 1471 705 1510 te
715 1463 812 1510 decena
829 1462 908 1509 minus
918 1462 963 1508 tibi
971 1459 1152 1523 vituperationis
1160 1458 1245 1506 efferte

139 1550 232 1594 atvero
243 1545 296 1608 ipss
310 1546 468 1609 philosophis,
487 1560 556 1608 quam
569 1558 663 1605 semper
672 1541 764 1596 laudas,
776 1557 876 1604 qnsmva
894 1540 961 1604 apud
978 1541 1039 1588 alios
1055 1554 1135 1589 carere
1154 1541 1244 1588 bonore

139 1627 299 1688 conquereris,
307 1641 389 1673 nonne
408 1627 451 1673 abs
460 1632 485 1673 te
493 1639 558 1672 nnnc
573 1639 621 1670 una
635 1638 727 1671 mecum
738 1622 833 1685 prodita
849 1622 904 1670 est?
923 1621 997 1686 [829]
1014 1622 1078 1684 qnod
1096 1623 1116 1669 si
1136 1622 1244 1686 Megetis

138 1705 250 1765 fuissem,
271 1706 376 1752 venisses
393 1705 476 1768 utique
489 1705 549 1752 mihi
571 1702 675 1767 adjutor,
696 1717 750 1750 cum
767 1709 792 1750 te
809 1717 949 1750 vomerem:
967 1703 1074 1766 alioquin
1094 1709 1118 1750 te
1137 1703 1242 1752 omnium

138 1785 320 1848 ignavissimum
337 1785 500 1849 judicavisses.
516 1799 581 1833 nune
602 1791 683 1832 entem
705 1784 736 1830 ob
751 1783 845 1830 itineris
866 1782 1043 1847 longitudinem
1062 1784 1242 1847 periculumque

141 1866 301 1929 navigationis
318 1874 389 1930 etque
406 1867 501 1914 labores
520 1873 544 1913 te
562 1879 684 1921 exeussus,
703 1863 824 1912 infamiam
840 1864 929 1912 evitrre
949 1871 972 1910 te
993 1863 1082 1926 putas?
1099 1865 1244 1927 permultum

139 1953 206 1994 certe
218 1947 301 1994 aberit.
316 1947 346 2002 si,
359 1947 462 2010 inquam,
474 1947 525 1994 bae
537 1946 578 1994 ille
589 1946 688 2001 diceret,
700 1960 809 2008 quaenam
820 1945 877 1992 mihi
888 1951 953 1992 esset
962 1943 1090 2007 probabilis
1099 1945 1222 2012 responsio
1233 1953 1242 1999 ξ

139 2035 204 2076 carte
211 2029 288 2076 nulla.
305 2043 365 2090 quas
374 2029 405 2075 ob
415 2042 462 2084 res,
472 2027 612 2083 rosionibus,
623 2025 704 2090 quood
713 2026 765 2075 fieri
775 2031 862 2092 potest,
872 2024 1034 2088 probabilibus
1042 2030 1113 2087 atque
1124 2024 1178 2087 ipso
1186 2023 1242 2088 jure

140 2109 260 2157 adductus
271 2109 369 2164 accessi,
379 2109 520 2172 relinquens
528 2107 715 2156 consuetudines
724 2121 789 2155 oreas
800 2105 858 2154 satis
870 2105 965 2170 quidem
977 2106 1097 2160 booestas,
1108 2105 1154 2154 sub
1161 2113 1243 2171 tyram

139 2187 232 2246 uidem,
246 2204 324 2252 neque
333 2189 394 2237 meis
402 2190 547 2238 sermonibus
557 2189 701 2252 nequemibi
712 2188 902 2236 convenientem.
918 2186 1016 2234 veniens
1032 2192 1111 2236 autem
1130 2201 1169 2234 me
1181 2187 1242 2235 libe-

140 2269 200 2326 rsvi,
218 2271 298 2318 nevel
310 2271 434 2334 hospitalis
451 2270 562 2334 Juppiter
579 2271 618 2318 vel
638 2269 803 2334 philosophica
820 2284 871 2317 sors
883 2283 994 2316 accusare
1013 2284 1050 2316 rne
1069 2275 1159 2332 posset.
1174 2275 1239 2318 certe

139 2351 300 2414 philosophie
308 2349 420 2400 dedecori
431 2351 535 2408 fuissem,
546 2352 568 2398 si
578 2352 609 2398 ob
619 2350 745 2398 mollitiem
755 2350 955 2413 timiditatemque
963 2350 1092 2412 vituperari
1101 2349 1247 2413 potuissem.

140 2439 245 2478 ceterum
257 2447 311 2479 cum
320 2447 350 2479 eo
359 2433 485 2489 venissem,
497 2448 574 2496 neque
586 2433 648 2481 euius
658 2439 752 2495 oportet
761 2429 854 2493 longius
864 2430 968 2493 evagari,
979 2430 1060 2478 omnia
1070 2431 1133 2494 apud
1146 2430 1243 2495 Diony-

141 2511 204 2558 sium
216 2511 339 2559 seditionis
350 2514 421 2575 plens
439 2513 545 2561 offendi:
563 2523 634 2576 utque
645 2513 817 2561 calumniarum
835 2511 861 2558 in
882 2510 994 2566 Dionem,
1011 2511 1078 2574 qussi
1095 2511 1244 2576 tyrannidem

141 2589 273 2644 affectaret.
289 2591 387 2641 delendi
407 2593 487 2658 igitur,
509 2603 622 2658 quantum
643 2595 721 2642 uslai:
746 2591 790 2641 sed
808 2607 891 2655 perum
912 2591 989 2655 potui.
1007 2599 1091 2655 quarto
1110 2591 1176 2640 enim
1193 2591 1245 2640 iere

143 2686 225 2720 mense
234 2674 423 2736 postadsentum
430 2690 511 2722 meum
518 2675 656 2740 Dionysias,
669 2688 784 2724 necemus
793 2673 907 2730 Diouem,
917 2673 983 2737 quasi
992 2671 1115 2737 tyrannidi
1121 2672 1245 2723 insidiare·

140 2759 189 2808 tor,
200 2753 228 2800 in
236 2768 335 2816 parsum
345 2755 447 2817 conjecit
453 2755 574 2818 navigium
585 2769 613 2803 se
625 2755 724 2820 turpiter
734 2755 836 2819 expulit.
852 2755 923 2803 amici
942 2769 997 2802 sero
1014 2753 1109 2810 Dionis,
1128 2761 1246 2818 quotquot

70 2857 72 2864 v
138 2847 246 2888 mamus,
257 2833 337 2880 cuncti
347 2833 540 2893 formidabamus,
557 2835 659 2884 neforte
669 2837 890 2900 nliquemnostrom
907 2835 1050 2900 Dionysius,
1067 2835 1134 2899 quasi
1154 2837 1246 2884 socium

137 2912 209 2960 illius
227 2912 341 2970 marinis,
363 2915 482 2978 supplicio
494 2917 604 2968 slliceret.
620 2925 785 2967 sumersetem
796 2926 893 2966 exortus
903 2923 940 2964 est
949 2917 1082 2980 Syracusis,
1092 2932 1132 2964 me
1141 2917 1246 2970 occisum
1331 2928 1337 2938 “

139 3007 193 3042 esse
205 3009 220 3041 a
230 2993 359 3059 Dionysio,
370 2997 437 3059 quasi
448 2997 561 3055 omniurn,
583 3013 636 3061 quse
655 3006 713 3046 tuuc
732 2997 872 3060 acciderint,
892 3005 1023 3045 auctorem.
1038 3006 1064 3044 st
1080 2998 1123 3046 ille
1138 2997 1245 3048 sentiens

140 3089 278 3124 aesomnes
291 3077 326 3124 sic
337 3077 445 3134 affectos,
456 3079 546 3126 veritus
556 3093 587 3125 ne
597 3093 626 3125 es
638 3086 702 3124 metu
712 3085 794 3124 nostro
803 3078 893 3140 aliquid
909 3077 989 3124 tussa
1006 3077 1124 3125 accideret
1143 3081 1246 3140 parius,

141 3155 249 3220 benigne
261 3157 386 3205 admodum
398 3171 479 3204 omnes
490 3157 595 3219 recepit:
614 3171 650 3204 rue
658 3165 722 3205 certe
730 3157 807 3220 ipsum
816 3157 952 3204 consolatus
970 3158 1053 3204 bonsnr
1075 3157 1161 3204 habere
1176 3171 1245 3220 spem

139 3236 223 3301 jussit,
234 3244 306 3299 atque
317 3245 345 3284 nt
355 3251 519 3299 permanerem
528 3238 624 3284 omuino
632 3237 733 3299 rogasit.
748 3245 799 3284 erat
814 3237 877 3284 suun
888 3235 934 3285 sibi
942 3237 965 3283 in
972 3237 1030 3299 iuga
1037 3235 1135 3299 quidem
1145 3252 1201 3285 nsea
1208 3237 1245 3286 ni·

139 3317 175 3364 hil
189 3315 292 3371 bonesti,
301 3315 346 3363 sed
361 3317 386 3365 in
394 3317 564 3380 permanendo.
581 3323 653 3381 atque
663 3317 749 3366 iccirco
756 3318 848 3381 precari
855 3333 894 3366 me
905 3317 1006 3366 merisne
1015 3317 1150 3364 simulabat
1162 3331 1245 3380 preces

141 3404 224 3444 sutem
234 3405 389 3459 tyrannorum
398 3397 537 3446 necessitati
547 3398 673 3462 pmmistss
682 3413 735 3446 esse
746 3414 792 3446 non
805 3399 948 3461 ignoramus.
965 3413 1020 3446 cum
1030 3413 1092 3453 vcro,
1102 3411 1134 3444 ne
1148 3398 1246 3454 abirem,

141 3474 326 3531 machinaretur,
338 3475 513 3524 collocaritme
524 3478 550 3525 in
561 3493 624 3534 erce,
636 3485 709 3542 atque
726 3479 763 3525 his
783 3479 841 3526 locis
857 3477 962 3526 habitare
979 3478 1060 3534 voluit,
1080 3476 1144 3524 unde
1164 3478 1246 3526 nullus

141 3558 242 3618 postlssc
264 3561 345 3611 naute,
364 3572 411 3604 uors
423 3555 492 3605 ruodo
505 3559 646 3622 prohibente
668 3559 720 3616 illo,
737 3557 780 3607 sed
793 3559 837 3607 uisi
846 3559 947 3623 jubente
958 3567 1029 3622 etque
1046 3560 1166 3615 mittente,
1184 3558 1248 3606 iuret

141 3635 289 3684 abducturus
299 3652 306 3694 ;
322 3651 402 3700 neque
413 3638 539 3701 quisquam
550 3640 601 3688 sive
612 3647 728 3688 mercator
738 3640 787 3688 sive
810 3627 913 3705 alicujus
931 3639 1068 3703 provincie
1085 3641 1245 3700 magistratus,

140 3729 181 3764 me
192 3717 405 3766 solumereuutem
416 3720 586 3784 conspexisset,
599 3721 696 3784 quinon
715 3735 754 3769 me
770 3729 866 3784 ceptum
885 3720 915 3768 ad
934 3721 1076 3784 Dionysium
1093 3729 1192 3783 repente
1207 3735 1245 3769 re·

140 3796 256 3845 duceret:
274 3800 536 3864 praeumimcumjam,
556 3810 726 3866 contraquam
746 3803 820 3866 prius,
840 3801 912 3865 [tto]
930 3801 1052 3864 vulgatum
1070 3808 1134 3848 esset
1151 3799 1245 3866 Diony-

139 3876 202 3924 sium
222 3893 301 3926 rursus
319 3880 447 3930 Platonem
465 3885 618 3931 uehementer
633 3885 767 3947 complecti.
784 3892 809 3932 et
828 3881 1003 3948 quodammodo
1025 3881 1060 3928 its
1084 3889 1148 3929 erat:
1166 3897 1243 3946 neque

140 3957 205 4004 enisu
226 3957 355 4006 tacendum
374 3971 411 4008 est
429 3977 522 4012 verum.
538 3965 740 4028 complectebatur
758 3964 799 4012 ille
815 3961 911 4027 quidem
920 3963 947 4010 in
954 3963 1007 4010 dies
1025 3977 1064 4010 me
1079 3964 1155 4026 magis
1173 3971 1244 4030 atque

140 4037 226 4100 magis,
235 4045 261 4086 et
271 4039 389 4102 gaudebat
399 4043 599 4092 muribusnostris
614 4053 684 4108 atque
694 4044 875 4093 cousuetudine.
893 4043 1050 4107 capiebatque
1069 4059 1084 4092 a
1100 4059 1139 4094 nse
1154 4045 1246 4094 laudari

141 4120 219 4182 magis
228 4133 300 4182 quam
310 4120 424 4176 Dionem,
435 4131 461 4170 et
472 4127 573 4174 amicum
583 4127 653 4189 longe
664 4126 741 4188 magis
751 4125 896 4172 existimari:
918 4125 981 4172 etad
992 4123 1017 4172 id
1027 4125 1123 4186 quidem
1142 4127 1244 4174 marimo

141 4199 313 4247 contendebat.
328 4202 444 4250 rationem
459 4219 522 4262 uero,
535 4221 582 4270 qua
599 4206 624 4254 id
634 4206 722 4269 optime
733 4205 817 4254 luisset
826 4205 924 4262 sactum,
936 4206 958 4253 si
968 4206 1040 4253 modo
1054 4206 1106 4253 fieri
1120 4207 1246 4268 potuisset,

140 4279 256 4342 neglexit.
272 4280 324 4328 luae
342 4283 405 4329 enlm
421 4283 506 4340 iuerat,
519 4293 545 4333 ut
561 4287 616 4334 mibi
628 4285 740 4334 videlicet
755 4286 780 4332 in
791 4282 917 4334 audiendis
928 4285 1125 4348 addiscendisque
1142 4287 1244 4348 pbiloso-

141 4361 205 4424 phise
221 4359 354 4408 rationibus
371 4363 469 4412 liberius
489 4367 629 4422 adhereret,
651 4381 793 4430 mecumque
811 4368 957 4416 conveniret.
973 4373 998 4414 rt
1015 4382 1071 4414 vero
1088 4365 1119 4413 ad
1138 4366 1182 4412 boc
1201 4365 1244 4414 ills

141 4439 293 4490 diffidentius
304 4449 365 4499 eret,
375 4443 466 4494 timens
476 4447 725 4510 ne,quemsdusodum
736 4447 874 4496 asserebant
884 4448 1075 4502 calumniatores,
1091 4444 1249 4494 siretionibus

139 4521 187 4569 illis
205 4521 377 4585 implicaretur,
393 4525 468 4584 Dion,
487 4543 541 4592 quse
562 4527 680 4592 cupiebat,
694 4529 747 4590 jsm
763 4537 826 4578 esset
840 4529 919 4578 omnis
936 4534 1086 4578 consecutus.
1103 4539 1149 4588 ego
1165 4535 1245 4583 auteres¹

213 4603 280 4652 Pus.
295 4603 337 4653 Tr.
681 4608 715 4663 ll.
820 4655 825 4662 ,
1133 4606 1184 4659 81³·
