3174 5296
142 556 215 637 357]
558 554 753 614 EPISTULA
776 555 829 614 IX.
1181 557 1238 616 497

140 711 213 773 regie
223 707 345 773 dignitatis
354 710 429 758 forma
438 715 565 758 contentus
577 709 664 768 sisere,
675 710 762 757 timens
772 708 883 758 videlieet
894 709 992 757 fortuma
1009 710 1082 766 sices,
1093 717 1118 758 et
1134 711 1235 776 patriae

136 790 263 838 mberatus
281 781 395 854 sacraque
411 797 437 840 et
450 791 560 855 sepulcra
574 789 708 854 majorum5
724 789 916 838 neeontenta'one
928 805 1024 855 prorem
1042 793 1122 840 omnia
1141 790 1233 856 perdat.

136 869 242 918 barbaris
252 887 281 918 ex
293 871 376 934 patrias
385 871 527 922 infelicitate
538 871 683 934 gratificans.
699 872 742 918 bos
752 885 809 918 vero
818 877 868 918 tres
875 885 953 934 reges,
973 873 1023 920 sive
1042 873 1091 922 iilis
1105 873 1233 921 anctorita-

135 956 187 998 tena
203 950 313 1010 eandem,
327 967 400 1016 qnam
415 951 593 1000 Lacedaemonii
612 967 679 1015 reges
696 951 792 1008 habent,
811 950 935 1009 dederitis,
952 954 1001 1000 sive
1012 953 1072 1017 quid
1086 952 1232 1008 ademarius.

137 1030 257 1078 communi
275 1045 392 1080 consensu
412 1033 851 1096 constituetis,ta1iquodampecto,
872 1041 900 1080 nt
911 1033 976 1096 prius
986 1035 1077 1082 dictum
1095 1042 1141 1090 est,
1160 1041 1232 1096 etqua

136 1111 224 1159 iterum
234 1127 298 1162 nunc
310 1115 400 1162 audite.
416 1114 437 1161 si
447 1112 559 1178 Dionysii
575 1123 601 1160 et
611 1113 741 1176 Hipparini
751 1129 826 1176 genus
836 1113 940 1160 voluerit
951 1129 995 1178 pro
1004 1114 1091 1162 Sicilire
1099 1115 1177 1162 sainte
1195 1113 1233 1160 hia

135 1191 317 1251 calamitatibus,
327 1210 379 1259 qne
400 1209 463 1242 nunc
484 1194 664 1256 argentinam
685 1194 815 1256 imponere,
837 1195 939 1242 honores
959 1193 1005 1241 sibi
1025 1195 1115 1258 totique
1135 1193 1232 1242 familie

136 1283 301 1336 comparantes
311 1291 359 1324 non
378 1275 408 1322 ad
426 1289 531 1339 presens
545 1273 621 1322 scium
638 1273 682 1322 sed
698 1275 724 1321 in
740 1281 877 1337 posterum
895 1276 948 1330 hae,
969 1275 1076 1338 inquam,
1086 1273 1232 1326 conditione,

136 1355 335 1414 quemadmodum
345 1366 370 1404 et
380 1355 444 1418 prius
454 1354 543 1402 ἀίοωηι
553 1363 599 1411 est,
607 1355 638 1402 ad
645 1369 746 1416 regnum
755 1363 852 1403 vocate:
869 1364 895 1402 et
905 1355 1005 1417 legatos,
1015 1369 1075 1417 quos
1082 1355 1127 1417 ipsi
1147 1352 1230 1407 velint.

135 1421 269 1482 concordie
281 1437 358 1499 gretia
368 1451 423 1484 cum
433 1435 530 1498 publiea
539 1435 679 1483 auctoritate
690 1435 797 1498 deligite,
813 1435 862 1484 sive
879 1449 910 1482 ex
927 1435 1012 1483 restris
1028 1435 1120 1482 civibus
1134 1433 1184 1481 sive
1203 1449 1232 1480 er
1254 1421 1260 1430 ¹

135 1513 222 1564 alienis
242 1518 293 1564 sive
312 1531 341 1564 er
362 1516 477 1579 utrisque,
489 1523 572 1579 totque
591 1525 716 1579 preterea,
736 1505 794 1579 quot
811 1515 849 1564 ilii
870 1517 1039 1564 concesserint.
1055 1515 1096 1579 qui
1112 1511 1234 1562 communi

135 1597 255 1643 sententie
270 1597 335 1658 leges
351 1596 455 1645 condant
473 1605 543 1659 atque
554 1597 727 1660 rempublicam
739 1595 772 1644 ita
786 1597 942 1652 constituant,
957 1605 983 1644 ut
1000 1597 1025 1643 in
1042 1611 1072 1644 ea
1093 1611 1161 1656 reges
1179 1609 1232 1641 esse

136 1673 223 1722 deceat
233 1691 351 1724 sacrorum
361 1677 474 1725 dominos
480 1677 623 1740 aliarumque
635 1691 721 1736 rerum,
732 1692 884 1740 quascunque
907 1677 977 1726 decet
994 1679 1030 1724 hia
1049 1675 1156 1732 concedi,
1172 1691 1233 1737 que-

136 1769 191 1803 rum
201 1756 316 1804 beneficia
326 1758 351 1805 in
362 1757 462 1820 patriani
474 1765 574 1806 exstant.
591 1757 690 1820 proinde
703 1757 758 1804 beili
769 1757 882 1820 pacisque
904 1757 1025 1830 prbitrium
1042 1757 1143 1804 habeant
1155 1764 1234 1804 custo-

135 1834 179 1884 des
196 1836 243 1899 ipsi
254 1837 334 1898 legum
345 1838 427 1893 creati,
436 1853 535 1885 numero
549 1837 655 1900 quinque
668 1847 693 1884 et
703 1837 808 1899 viginta,
818 1853 866 1884 una
877 1853 929 1885 cutu
948 1837 1037 1900 populo
1053 1843 1125 1900 atque
1141 1843 1236 1883 senatu.

132 1915 293 1980 judiciavero
303 1918 415 1966 distincta
425 1919 473 1966 sint
490 1919 537 1968 alia
548 1919 655 1967 aliorum.
672 1919 756 1966 mortis
766 1917 951 1982 quidem'atque
962 1917 1041 1965 exsilii
1057 1916 1186 1964 auctoritas
1205 1915 1235 1962 sit

136 2012 212 2060 penes
224 1997 319 2059 triginta
333 2007 358 2046 et
368 1998 474 2062 quinque
490 1997 562 2054 viros,
580 2007 606 2046 et
628 2005 714 2061 praeter
732 2013 774 2046 eos
792 2013 867 2061 penes
882 1999 943 2046 aiios
960 1997 1075 2062 quosdam
1091 1995 1186 2060 judices
1204 2009 1233 2042 ex

133 2070 182 2124 iilis
194 2077 292 2134 electos,
304 2079 344 2142 qui
355 2079 532 2140 magistratibus
550 2079 656 2142 prosim
673 2079 794 2142 perfuncti
816 2085 887 2126 sunt:
905 2079 938 2127 its
961 2086 986 2126 ut
1005 2093 1065 2126 unus
1082 2092 1112 2126 ex
1128 2075 1234 2140 quolibet

135 2157 273 2220 magistratu
284 2159 394 2220 eiigetur,
416 2151 457 2223 qui
473 2159 577 2222 optimus
595 2160 790 2224 justissimusque
809 2169 931 2223 appareat.
948 2161 973 2207 hi
990 2158 1099 2222 sequenti
1118 2173 1180 2205 anno
1202 2155 1234 2204 de

136 2245 212 2284 morte
227 2245 253 2285 et
270 2254 363 2287 caruem
383 2247 410 2287 et
421 2241 504 2288 exsilio
514 2241 656 2310 senteptiam
667 2240 752 2288 ferant.
766 2241 818 2302 regi
829 2256 885 2288 vero
896 2241 933 2288 his
941 2239 1038 2302 judiciis
1055 2240 1167 2288 interesse
1185 2253 1234 2286 non

137 2317 216 2374 hceat,
230 2327 312 2382 utpote
324 2319 452 2381 sacerdoti,
464 2335 533 2384 quesn
551 2321 575 2368 in
586 2321 685 2368 terenda
694 2321 770 2376 nocie,
782 2321 890 2376 carceris,
902 2321 980 2368 exsilii
992 2319 1111 2368 sententia
1120 2319 1234 2367 contami·
1276 2361 1279 2368 .

135 2399 189 2446 nari
206 2399 272 2446 nefas
287 2400 324 2447 sit.
342 2400 416 2465 [³5¹1]
434 2401 485 2448 hac
502 2400 613 2464 equidem
630 2409 656 2449 et
675 2402 733 2449 durn
753 2401 867 2466 viverem,
884 2402 1025 2465 cogitabam,
1038 2408 1068 2460 ¹et
1082 2415 1145 2448 nune
1161 2400 1234 2447 etiam

135 2478 216 2540 cogito
224 2479 345 2528 iacienda:
364 2489 434 2543 atque
446 2487 512 2536 tune,
524 2497 577 2528 cuna
588 2481 697 2529 inimicos
705 2482 880 2544 superavissem
891 2497 938 2530 una
949 2481 1078 2542 vobiscum,
1089 2481 1136 2528 nisi
1143 2479 1235 2529 externi

134 2558 248 2622 serieque
266 2561 419 2618 obstitissent,
438 2569 465 2610 ut
486 2561 644 2617 decreveram,
666 2561 849 2609 constituissem.
867 2562 975 2625 proinde,
1000 2563 1019 2610 si
1042 2561 1073 2609 ad
1094 2569 1175 2609 voturn
1195 2575 1234 2608 rea

137 2640 318 2703 processissent,
338 2643 428 2704 coiqnis
445 2643 562 2707 reliquam
576 2643 682 2690 Siciliam
693 2643 855 2705 repieuissean¹
867 2641 1152 2706 barbarisqnidernexhis
1169 2639 1236 2696 locis,

136 2735 190 2783 qua
198 2736 261 2769 nunc
269 2729 396 2786 occupant,
406 2724 517 2786 expulsis,
528 2730 689 2786 praeterquam
699 2723 721 2771 si
732 2724 773 2786 qui
782 2739 864 2772 eornm
876 2738 920 2786 pro
931 2723 1050 2771 communi
1060 2723 1169 2770 libertate
1177 2737 1234 2770 eon·

138 2802 333 2865 tmtyrannidem
344 2811 522 2866 pugnaverunt:
543 2803 632 2866 priores
642 2811 722 2850 autem
738 2802 877 2852 Grecomm
894 2803 1000 2857 locorum
1017 2803 1113 2851 colonos
1128 2804 1153 2850 in
1174 2801 1236 2872 anti·

137 2895 197 2943 qnae
207 2881 342 2946 patriaeque
353 2883 422 2931 sedes
430 2883 594 2932 restituisaem.
611 2884 662 2932 baec
672 2883 745 2946 igitur
756 2883 839 2931 eedem
847 2884 872 2932 in
883 2885 1009 2948 presentia
1017 2883 1125 2932 omnibus
1135 2883 1234 2932 consulo

138 2963 259 3010 communi
276 2963 376 3012 consilio
394 2964 561 3012 deliberasset
580 2980 659 3028 agere,
676 2973 748 3027 atque
763 2963 794 3012 ad
812 2967 863 3012 heo
884 2965 977 3026 agenda
998 2979 1081 3012 omnes
1102 2965 1234 3012 cohortari:

138 3041 202 3105 quod
221 3043 241 3090 si
259 3043 300 3107 qui
315 3043 479 3100 dissenserint,
499 3059 540 3093 eos
558 3045 677 3092 communi
695 3045 813 3092 sententia
833 3046 914 3091 hostes
929 3045 1072 3091 existimare.
1090 3056 1167 3106 neque
1179 3057 1235 3091 cero

138 3123 255 3170 brectaiia
263 3131 327 3180 sunt,
339 3133 365 3172 ut
375 3125 425 3172 fieri
436 3135 563 3187 nequeant.
580 3125 703 3187 queaenim
713 3126 737 3170 iu
747 3125 847 3171 duorum
859 3124 943 3170 animis
954 3123 1097 3184 conciatunt,
1107 3131 1177 3184 atque
1190 3121 1236 3178 bis,

138 3204 181 3266 qui
193 3205 350 3252 consultando
363 3205 502 3267 perquirunt
515 3205 615 3267 optima,
633 3217 686 3250 mox
705 3203 821 3266 facileque
840 3209 973 3259 occurrunt,
989 3217 1019 3248 ea
1028 3201 1068 3264 qui
1082 3199 1236 3267 impopsibiiia

134 3283 240 3347 judicat,
252 3299 298 3331 non
307 3291 369 3332 recte
379 3285 459 3332 sentit.
475 3285 617 3332 dicoautem
629 3283 697 3338 duos,
709 3281 837 3346 Hipparini
847 3282 948 3344 scilicet,
966 3281 1077 3346 Dionysii
1096 3281 1148 3336 filii,
1164 3289 1236 3343 atque

137 3364 235 3427 insuper
245 3364 293 3411 mei
309 3364 350 3411 iiiii
361 3365 460 3414 animos.
477 3365 575 3412 arbitror
586 3365 660 3420 enim,
671 3363 693 3410 ai
703 3363 728 3410 hi
739 3363 911 3418 consenserint,
922 3363 982 3410 aiios
998 3376 1091 3425 quoque
1107 3362 1235 3425 Syracusa·

140 3461 184 3493 noa
193 3451 218 3492 et
229 3459 320 3500 omnes,
331 3445 415 3508 quibus
426 3447 571 3510 patriacurae
589 3453 632 3501 eat,
644 3455 805 3493 consensuros.
823 3444 864 3492 sed
880 3443 936 3490 Diis
946 3443 1055 3490 omnibus
1065 3445 1166 3489 honores
1181 3455 1236 3488 cum

141 3525 251 3588 precibus
268 3525 404 3584 offerentes,
419 3535 444 3576 et
461 3527 514 3576 aliis
524 3535 648 3591 praeterea,
659 3525 838 3590 quibuscunque
850 3539 896 3571 una
908 3537 963 3571 cum
980 3523 1035 3570 Diis
1053 3537 1139 3570 vevere
1159 3521 1239 3576 decet,

141 3615 257 3669 preterea
279 3607 430 3656 cohortantes
447 3609 623 3672 imitantesque
642 3608 730 3656 emices
746 3613 770 3654 et
789 3605 898 3652 inimicos
916 3604 1012 3650 omnino
1030 3611 1103 3664 atque
1124 3601 1238 3663 benigne,

142 3685 218 3734 nolite
237 3688 303 3750 prius
319 3689 432 3738 desistere
442 3706 512 3753 quam
522 3705 560 3746 ea,
577 3705 629 3753 quae
641 3705 655 3738 a
667 3689 737 3736 nobie
752 3702 816 3735 nnnc
825 3686 960 3739 dictasunt,
973 3684 1040 3746 quasi
1046 3683 1127 3730 divim
1146 3683 1239 3731 somnia

142 3767 295 3828 vigilantibus
306 3769 506 3834 supervenientia,
516 3769 641 3834 perspicua
651 3769 747 3832 quidem
757 3775 827 3831 atque
841 3767 919 3814 felicia
930 3763 1098 3828 perfectissime
1109 3762 1239 3826 impleatis.

657 3997 728 4072 lX.

309 4162 417 4212 Pinio
436 4161 611 4214 ARCHYTAE
628 4161 830 4210 TARENTINO
849 4156 940 4207 BENE
957 4151 1081 4203 AGERE.

148 4324 299 4371 Varenusr
310 4323 341 4372 sd
358 4339 402 4372 nos
412 4326 527 4390 Archippi
540 4325 721 4388 Philonidisque
733 4311 869 4383 familiares,
881 4327 983 4374 serentes
994 4320 1116 4384 epistolant
1126 4333 1195 4380 qnam
1206 4316 1240 4363 eis

144 4401 255 4460 dederas,
267 4417 295 4450 sc
306 4404 416 4453 derebus
427 4407 473 4454 tuis
484 4422 536 4470 quae
546 4407 652 4470 oportuit
663 4407 805 4456 nuntiantes.
824 4407 918 4470 publica
933 4401 1031 4467 quidem
1049 4400 1152 4447 civitatis
1167 4411 1240 4458 nego·

144 4482 275 4547 *issbflqut
295 4485 433 4534 difficuitate
444 4495 599 4550 peregerunt:
619 4501 696 4550 neque
713 4487 776 4536 enisu
786 4489 912 4537 admodum
927 4483 1126 4533 laboriosaesant.
1142 4485 1166 4525 te
1185 4491 1242 4524 vero

147 4573 297 4613 narraverunt
307 4567 446 4629 permoleste
457 4567 525 4623 ierre,
538 4568 599 4630 quod
612 4567 734 4630 apubiicis
741 4569 842 4618 civitatis
851 4565 1045 4632 occupationibus
1056 4569 1079 4609 te
1091 4559 1187 4684 iiberapp
1194 4571 1242 4604 non

217 4644 285 4694 Pus.
299 4647 341 4696 Tr.
697 4647 731 4696 Ii.
822 4671 825 4678 ·
1133 4643 1147 4688 ³
