3160 5314
149 545 219 626 ors]
318 605 326 620 ,
464 543 915 609 procucurrerunt.
1204 553 1243 616 90

144 699 276 750 munitm
286 701 499 765 contentionesque
509 701 585 764 parit:
598 699 692 764 justitia
710 715 764 751 rero
783 703 931 752 concordiem
950 710 975 752 et
993 702 1127 752 amicitiem.
1144 706 1242 752 noune?

142 782 227 832 Tuus.
244 781 316 830 Estne
339 797 371 831 ne
381 797 395 830 0
406 790 430 831 te
441 781 615 830 (110000110000.
649 781 695 830 Ρο.
713 781 782 831 Bene
792 783 852 846 agis,
863 782 899 830 rir
909 783 1008 847 optime.
1025 785 1066 832 sed
1078 782 1134 832 milri
1152 791 1178 832 et
1196 784 1242 834 lrou

145 863 224 914 dicito.
256 863 281 912 81
293 863 472 927 bociujustitie
491 877 551 926 opus
569 869 606 912 eet
624 863 761 926 ubicunque
782 859 936 925 insit,odium
955 865 1066 928 gignere:
1084 879 1163 912 nonne
1182 864 1244 912 inter

143 945 226 994 liberos
236 953 262 992 et
271 960 351 993 serron
367 945 387 992 si
404 944 482 1000 luerit,
493 943 579 992 efficiet
597 950 625 990 ut
637 942 744 992 invicem
763 943 820 992 odia
838 951 909 1008 utque
930 947 1094 994 contentiones
1102 927 1243 1000 exerceant,

144 1027 254 1090 nulloque
266 1033 337 1089 pacto
358 1024 447 1088 possint
463 1024 555 1088 aliquid
573 1038 603 1072 ex
621 1023 741 1072 communi
761 1025 887 1074 concordis
898 1026 992 1074 lucere?
1024 1026 1111 1076 Tuus.
1129 1025 1242 1074 Omnino.

142 1105 185 1154 80.
201 1106 266 1164 Quid
278 1115 357 1154 sutem
367 1106 376 1154 ?
387 1106 406 1154 01
417 1106 476 1154 iuter
484 1105 603 1154 duoslrrec
613 1104 678 1162 insit,
688 1120 768 1153 nonne
779 1105 919 1154 dissentient
928 1107 989 1155 iuter
997 1123 1030 1162 se,
1043 1105 1242 1170 insequenturque

144 1186 210 1240 odiis,
230 1195 254 1235 et
271 1185 363 1234 inimici
381 1193 449 1234 emnt
466 1193 491 1235 et
510 1186 554 1234 sibi
573 1194 597 1233 et
613 1184 703 1248 justis?
736 1185 823 1236 Tuus.
846 1185 922 1234 Erunt
939 1201 1002 1238 saue.
1038 1187 1082 1236 Po.
1098 1187 1141 1234 Sin
1161 1195 1240 1236 autem

144 1267 168 1316 10
180 1283 228 1314 000
238 1267 303 1330 ipsit,
314 1283 330 1314 o
346 1267 442 1316 mirifice
453 1268 496 1323 rir,
507 1266 631 1330 injustitia,
642 1282 722 1315 noune
738 1266 813 1330 ipsius
829 1268 958 1332 putentium
975 1267 1117 1332 dissipabit?
1135 1269 1171 1316 rel
1182 1267 1242 1316 nibil

145 1347 218 1395 minus
235 1347 350 1395 babebit?
382 1347 468 1396 Tuas.
493 1347 561 1396 Nihil
579 1347 656 1394 001000
676 1348 769 1396 lrabeet.
814 1348 854 1397 80.
871 1347 960 1398 Nonne
981 1349 1050 1400 tulero
1071 1348 1173 1412 sliqusm
1195 1348 1241 1396 rim

146 1427 228 1475 bsbese
245 1427 348 1482 ridetur,
360 1435 385 1475 ut
404 1427 537 1492 cuicunque
547 1427 604 1475 insit
621 1428 670 1474 sire
689 1427 779 1476 ciritati
790 1428 839 1476 sire
850 1430 914 1490 genti
933 1415 981 1478 sive
993 1429 1104 1478 exercitui
1115 1428 1164 1476 sire
1176 1429 1241 1476 elteri

145 1509 248 1563 cuilibet,
260 1508 441 1572 primoquidem
459 1507 575 1572 impotens
588 1507 661 1572 [888]
674 1508 757 1556 reddet
774 1507 807 1564 id,
820 1509 858 1556 cui
869 1509 939 1566 inest,
952 1509 1039 1572 aliquid
1052 1524 1132 1557 secuur
1144 1509 1241 1572 agendi,

146 1595 237 1651 psopter
246 1587 417 1637 distentionem
434 1598 505 1652 etque
521 1589 661 1636 discordiam
673 1606 679 1635 r
698 1589 786 1637 deinde
803 1588 924 1637 inimicum
935 1589 1021 1638 efficiet
1031 1589 1108 1652 ipsunt
1120 1596 1145 1636 et
1156 1587 1200 1636 sibi
1217 1597 1242 1636 et

146 1669 256 1716 contrario
274 1669 383 1725 cuilibet,
402 1677 473 1733 atque
489 1669 574 1733 justo?
593 1684 672 1718 noune
690 1669 743 1716 its?
775 1669 863 1719 Tuan.
881 1669 928 1718 lte.
961 1670 1003 1719 80.
1021 1669 1096 1734 Atqui
1108 1677 1132 1718 et
1147 1670 1173 1718 iu
1193 1683 1241 1718 000

146 1747 165 1795 01
184 1747 258 1806 luerit,
278 1749 330 1798 brec
348 1751 432 1798 eadem
450 1750 523 1799 lseiet
541 1750 630 1812 omnia,
648 1765 702 1814 que
722 1751 752 1798 sd
772 1757 876 1798 naturum
895 1767 960 1799 suam
981 1758 1118 1814 sequuntur.
1141 1749 1240 1814 primum

145 1829 237 1892 quidem
258 1830 415 1894 impotentem
442 1829 528 1894 agendi
554 1847 608 1880 euru
630 1831 723 1887 reddet,
749 1847 802 1879 curn
829 1846 908 1880 aecum
935 1832 987 1895 ipse
1013 1831 1138 1880 discendat
1163 1845 1241 1894 00000

146 1909 235 1959 sibimet
249 1917 361 1960 00001011
379 1913 466 1960 deiude
476 1920 501 1960 et
511 1911 555 1960 sibi
567 1919 592 1960 et
598 1909 670 1974 justis
680 1911 752 1960 isciet
768 1911 897 1960 inimicum.
914 1927 944 1960 en
956 1927 1004 1958 non
1016 1911 1025 1958 ?
1057 1909 1144 1960 Tuon.
1162 1910 1241 1960 Certe.

148 1989 188 2038 80.
202 1989 263 2039 lusti
275 1999 365 2050 autern,
376 2008 391 2040 0
401 1993 484 2048 amice,
496 1999 584 2041 suntet
594 1991 633 2040 dei
643 1993 653 2040 ?
679 1991 766 2040 Tuus.
784 1992 846 2040 Sint.
878 1991 921 2040 80.
938 1990 1000 2054 Ergo
1010 1991 1061 2038 deis
1070 1989 1179 2039 inimicus
1189 1990 1241 2046 erit,

147 2069 326 2136 Tirissymnebe,
337 2073 372 2120 rir
388 2073 505 2137 injustus3
518 2073 598 2138 justus
614 2079 692 2122 autem
712 2074 808 2122 enricus.
820 2129 827 2148 .
840 2071 926 2121 Tuus.
944 2070 1054 2134 Explere,
1065 2071 1181 2125 Socrstes,
1199 2085 1241 2134 pru

146 2149 241 2200 libidine
252 2152 365 2202 untionis
375 2153 456 2217 epulo.
473 2169 521 2200 uon
537 2153 600 2202 eniru
612 2153 655 2200 tibi
665 2153 813 2208 sdrerssbor,
824 2167 854 2200 ne
871 2153 928 2200 istos
945 2151 1004 2200 mibi
1015 2151 1119 2200 intensos
1135 2151 1241 2200 reddam.

146 2229 187 2278 So.
203 2230 255 2294 Age
274 2233 363 2297 itaque,
376 2234 463 2298 relique
483 2233 691 2289 eonviriiadlribe,
708 2233 905 2298 quemadmodum
927 2232 997 2296 proin
1016 2239 1071 2280 anta
1090 2231 1242 2295 respondeus.

148 2310 246 2360 Constat
256 2315 361 2377 proiecto
371 2315 534 2378 cupientiores,
545 2315 652 2364 meliores
664 2315 855 2378 potentioresque
871 2315 901 2361 sd
913 2313 1029 2378 agendum
1039 2312 1116 2376 justos
1133 2328 1194 2373 esse,
1204 2313 1241 2360 iu·

145 2392 224 2454 justos
233 2401 310 2441 sutem
320 2411 350 2443 ue
366 2396 467 2444 invicem
479 2397 575 2459 quidem
588 2403 686 2444 tractare
697 2395 822 2459 quicquam
835 2409 912 2458 posce.
925 2409 1003 2442 rerum
1014 2393 1078 2456 quod
1090 2393 1190 2442 dicimus
1201 2408 1242 2441 ra·

149 2471 263 2520 lidissime
274 2473 299 2521 in
310 2490 427 2524 commune
438 2475 507 2524 simol
527 2475 618 2539 eliquid
630 2476 745 2524 conticere
757 2477 809 2524 11100
825 2491 901 2539 posse,
917 2475 959 2539 uni
977 2475 1072 2522 omniuo
1082 2473 1166 2537 injusti
1177 2481 1240 2529 runt,

150 2551 214 2599 lrsud
225 2553 320 2603 omnino
330 2571 404 2604 rerum
415 2565 458 2605 est.
470 2573 517 2605 non
535 2555 597 2606 enim
609 2556 752 2604 abstinerent
764 2555 863 2606 inriceur
874 2557 904 2604 ab
921 2555 1014 2619 injuris,
1025 2555 1046 2604 01
1057 2571 1150 2619 prorsus
1161 2555 1242 2618 injusti

147 2641 233 2680 000001.
245 2635 287 2682 sed
298 2635 369 2699 liquet
377 2637 401 2685 in
408 2639 465 2702 ipsis
474 2653 525 2686 esse
530 2637 646 2701 justitiam
654 2637 781 2701 quendam,
791 2653 843 2700 que
852 2638 916 2700 ipsos
924 2637 958 2684 110
968 2636 1062 2694 alliciat,
1071 2645 1129 2684 0100
1138 2635 1240 2684 inricem

148 2713 231 2762 ledere
245 2715 321 2763 nolint
329 2717 397 2766 simul
406 2729 477 2782 atque
487 2718 546 2766 01100
556 2737 563 2766 r
576 2735 617 2782 per
627 2733 696 2782 quam
708 2727 790 2782 agunt,
798 2733 946 2782 quecunque
956 2725 1037 2780 egunt.
1054 2715 1152 2780 impulsi
1161 2725 1240 2765 autern

148 2803 199 2842 runt
215 2797 245 2843 ad
260 2796 348 2860 injuste
364 2800 491 2862 agendum,
499 2799 614 2863 injustitia
624 2815 678 2848 cum
689 2799 803 2848 seminali
814 2807 900 2848 essent.
912 2797 1013 2861 numqui
1029 2799 1182 2846 adsummum
1200 2813 1241 2847 ue-

148 2876 224 2938 qnitias
235 2885 259 2924 et
271 2876 393 2940 injustitias
406 2887 568 2944 perreneront,
580 2881 690 2944 perlicere
699 2881 795 2928 omuino
804 2879 862 2927 nibil
877 2885 982 2942 poscunt.
1000 2877 1059 2927 Huc
1069 2879 1165 2942 quidem
1176 2881 1242 2944 quod

148 2955 177 3002 ita
187 2971 212 3003 se
220 2957 330 3014 hsbesnt,
338 2975 387 3006 non
399 2967 475 3008 autem
487 2963 548 3008 utto
558 2975 628 3024 suprs
636 2961 750 3024 ponebas,
762 2960 877 3022 intelligo.
894 2958 976 3006 Utrum
988 2965 1066 3006 sutem
1078 2967 1103 3006 et
1114 2959 1195 3006 melius
1206 2959 1241 3008 ri·
1322 2949 1326 2954 ¹

149 3044 199 3082 rant
205 3035 342 3101 justiquam
353 3038 445 3101 injusti,
456 3048 480 3088 et
491 3041 606 3088 feliciores
613 3040 669 3097 sint,
680 3041 744 3104 quod
754 3040 849 3105 quidem
861 3049 944 3102 postea
954 3039 1101 3088 considerare
1113 3055 1242 3104 proposue-

149 3131 227 3173 ramus,
237 3119 435 3168 considerandum
454 3129 498 3171 est.
515 3129 548 3177 et,
560 3129 586 3168 ut
601 3120 657 3168 milri
673 3121 768 3184 quidem
781 3121 882 3175 ridetur,
901 3120 946 3168 lroc
957 3135 986 3168 es
1005 3120 1050 3174 bis,
1061 3135 1114 3182 quse
1131 3119 1241 3175 dicimus,

148 3198 254 3259 sequitur.
272 3200 313 3248 sed
330 3207 409 3248 tarnem
421 3201 503 3249 melius
520 3201 727 3250 considerandum.
743 3200 865 3250 nonenim
877 3200 907 3246 de
919 3215 943 3247 re
959 3201 1061 3261 quadem
1073 3199 1113 3246 vili
1129 3213 1243 3262 spernen-

149 3275 229 3340 rlsque,
240 3281 282 3326 sed
301 3295 404 3344 quonum
426 3283 495 3329 ruodo
513 3283 638 3330 risendunr
656 3283 696 3338 sit,
713 3283 811 3329 liabetur
822 3279 905 3328 010110.
938 3279 1025 3328 'susm
1044 3277 1173 3326 Considcre
1181 3278 1241 3341 jam.

148 3356 187 3408 80.
204 3357 265 3408 Face
276 3361 409 3410 considero.
426 3362 465 3410 dic
484 3362 569 3426 igitur:
587 3378 678 3427 opusne
696 3363 752 3425 equi
772 3361 812 3410 tibi
832 3359 921 3423 sliquid
943 3373 994 3406 esse
1012 3359 1122 3407 ridetur?
1153 3358 1240 3411 Tuus.

148 3436 206 3484 111111
216 3441 319 3501 quidem.
352 3442 395 3490 80.
413 3443 477 3490 Num
489 3445 533 3492 lroc
552 3445 647 3508 quidem
665 3443 755 3491 diceres
771 3449 795 3490 et
813 3441 867 3505 equi
884 3449 909 3486 et
924 3438 1019 3486 alterius
1036 3438 1162 3502 cujuslibet
1172 3455 1241 3504 opus,

149 3517 208 3578 quod
226 3519 262 3566 rel
280 3521 331 3567 solo
348 3522 390 3568 1110
407 3523 556 3571 relrusrime
572 3524 625 3586 quis
643 3522 766 3586 expleret?
797 3521 884 3588 Tuus.
902 3518 1101 3582 llaudiutellign.
1135 3518 1242 3569 80111-

150 3598 231 3645 tende:
247 3601 282 3650 ric
293 3599 353 3648 furto
368 3603 497 3666 intelliges.
529 3603 649 3652 Alinnero
666 3601 917 3666 quarunouliarides?
949 3599 1036 3650 Tuus.
1054 3599 1164 3648 Minime.
1198 3599 1242 3652 So.

150 3678 209 3734 Quid
228 3681 301 3728 vero?
318 3681 395 3731 elisue
413 3683 506 3746 audires
525 3701 594 3748 quam
615 3684 726 3732 nuribus?
757 3683 843 3730 Turni.
861 3680 1025 3744 Nequsquam.
1060 3680 1101 3730 80.
1119 3681 1180 3744 Ergo
1191 3681 1243 3730 hec

148 3759 225 3806 1000010
247 3777 320 3824 opens
339 3770 404 3822 pecte
425 3764 563 3814 diceremus.
597 3763 684 3814 Ttrns·
702 3761 787 3812 Recte.
819 3762 862 3810 80.
886 3761 1002 3810 Possesne
1022 3759 1095 3826 [158]
1118 3761 1196 3825 gladio
1218 3769 1243 3809 et

147 3839 255 3901 scalpello
265 3849 291 3888 et
302 3841 381 3888 uiuitis
397 3843 450 3890 aliis
468 3844 521 3892 ritis
535 3843 643 3908 pelnriter
663 3842 803 3907 eruputsre?
835 3841 921 3888 Tuus.
938 3841 1049 3898 Quidni?
1082 3842 1124 3890 80.
1142 3841 1242 3891 Verum-

148 3927 221 3966 tamen
234 3935 282 3968 nou
304 3921 337 3968 110
358 3925 492 3980 commode,
504 3932 531 3972 01
547 3924 606 3973 lslce
619 3925 648 3972 sd
661 3940 729 3971 usum
742 3925 804 3971 bunc
816 3923 936 3970 labricstn.
967 3921 1053 3974 Tuus,
1070 3923 1123 3981 Est,
1135 3932 1161 3972 01
1173 3924 1241 3974 dicis.

145 4000 187 4048 So.
203 4000 355 4064 Fuganonne
374 4004 419 4052 hoc
436 4005 503 4053 istius
514 4021 575 4069 opus
595 4021 646 4054 esse
657 4005 781 4054 dicemus?
814 4002 902 4050 Tune.
919 4001 1032 4051 Dicemus
1050 4005 1165 4069 prolecto.
1198 4007 1241 4056 80.

144 4080 257 4130 80101100
268 4083 352 4130 melius
369 4092 393 4132 te
404 4101 467 4134 nunc
479 4094 567 4145 tenere,
578 4101 631 4150 qun
643 4086 713 4150 paulo
725 4091 780 4134 aute
791 4085 909 4140 dicebam,
920 4099 973 4132 curu
985 4085 1157 4150 interrogarem,
1169 4103 1199 4136 an
1217 4089 1242 4137 id

143 4162 258 4228 cujusque
269 4181 330 4228 opus
341 4175 411 4224 esset,
421 4169 487 4232 quod
507 4169 544 4218 rel
563 4169 613 4216 0010
623 4169 666 4217 1110
677 4168 713 4216 rel
725 4166 809 4215 melius
825 4181 895 4229 quaro
912 4168 997 4214 ceteris
1015 4167 1122 4216 efficitur.
1154 4167 1242 4219 Tuus.

141 4244 254 4310 intelligo
262 4245 331 4309 jam:
350 4247 424 4312 idque
443 4249 498 4297 rnilri
516 4249 633 4315 cujusque
651 4265 711 4313 opus
729 4263 780 4301 esse
794 4248 893 4296 ridetur.
925 4247 967 4296 80.
984 4248 1071 4296 Nonne
1082 4257 1107 4296 et
1117 4247 1189 4295 virtus
1200 4246 1244 4295 tibi

141 4327 289 4390 0000001000
311 4329 412 4386 ridetur,
423 4331 463 4379 cui
484 4331 581 4396 aliquod
602 4347 663 4396 opus
681 4329 820 4378 ascribitur?
854 4327 1009 4377 Reuertemur
1027 4330 1098 4392 igitur
1116 4331 1145 4377 sd
1158 4329 1242 4392 priora.

140 4405 386 4459 Oculomrndicirsrus
405 4427 457 4460 esse
475 4413 664 4478 opuseliquud?
695 4401 878 4459 traiecere.
911 4411 954 4458 80.
973 4407 1242 4472 Ergononueetrirtus

138 4487 261 4536 0000100000
283 4491 338 4538 est?
372 4491 462 4542 Tune.
483 4493 515 4540 Et
536 4496 615 4544 rinus.
649 4493 693 4542 80.
712 4491 742 4539 lit
764 4489 852 4562 aurium
875 4490 953 4554 opus?
986 4489 1071 4538 Tuna.
1091 4489 1122 4536 Et
1143 4487 1242 4538 surium.

137 4567 182 4616 So.
200 4569 244 4618 Ftt
261 4581 362 4634 ergoet
382 4571 477 4626 virtus?
508 4573 594 4624 Trans.
616 4574 667 4626 Est.
701 4567 1242 4636 80110000000011001000011000011000
