3150 5290
23 471 24 476 γ
128 525 198 602 utu]
496 521 501 532 ⁴
531 519 798 604 MENEXENUS.
1189 525 1227 582 ur

127 679 160 728 illi
178 679 334 728 resnelerunte
352 693 398 743 ego
419 691 484 734 uero,
504 683 618 741 quenturu
641 691 747 740 poseuru,
774 673 952 740 diligentissime
979 689 1073 734 moneo,
1099 691 1226 740 eurumque

23 805 24 812 ,
129 761 221 809 nornine
232 760 339 816 obsecro,
347 757 457 822 juniores
467 757 572 822 quidem.
593 764 619 806 ut
630 756 753 821 presoleres
762 772 855 806 suorum
869 773 904 806 ree
919 757 1054 818 innitentem
1070 757 1173 806 seniores
1185 773 1228 806 uu·

132 849 185 898 tem,
205 847 231 888 ut
248 841 280 888 sle
297 854 323 888 ee
340 839 431 902 optime
449 845 553 902 sperent.
570 853 656 901 nempe
675 841 820 886 senectutem
843 845 941 886 seetreru
960 837 1067 901 privetim
1086 837 1227 902 publiceque

132 919 224 976 umere,
235 928 262 969 et
277 934 446 984 quemcunque
461 935 490 966 ee
511 917 603 967 illorurn
622 917 734 981 progenie
753 917 816 966 neoti
831 918 952 976 iueriruus,
962 933 1052 966 surorue
1064 919 1228 968 benevolentis

131 1001 319 1066 conplecteretur.
353 999 464 1048 Civitatis
483 1015 538 1048 sero
554 999 726 1064 providentium
746 999 791 1062 ipsi
812 999 907 1048 ruinirue
918 999 1037 1063 ignoretis,
1059 1015 1112 1064 quer
1133 1000 1228 1048 etetutis

132 1081 220 1146 leqibee
231 1089 341 1144 petentes
351 1087 377 1129 et
387 1079 449 1128 filios
460 1087 550 1135 eorunt,
561 1077 638 1142 quiin
651 1077 713 1127 bello
724 1078 841 1136 interiere,
860 1078 934 1144 [249]
951 1088 1048 1140 tutetur,
1063 1088 1087 1128 et
1097 1087 1152 1128 ente
1168 1079 1227 1127 elios
1282 1079 1288 1094 '

23 1183 24 1196 π
132 1163 191 1210 eires
201 1177 293 1210 sururoo
312 1159 457 1226 magistretui
469 1160 551 1208 teliurn
567 1159 694 1208 committit
703 1173 792 1217 eurem,
801 1175 832 1208 ne
850 1159 898 1208 ulle
909 1175 1004 1225 prorsus
1021 1159 1108 1225 injurie
1120 1168 1228 1224 querentes

132 1243 210 1290 borum
220 1242 361 1290 efficientur.
395 1239 469 1290 Filios
487 1247 565 1290 sutem
576 1241 663 1290 educet
674 1239 737 1304 ipse,
749 1241 885 1306 studetque,
897 1249 923 1288 nt
934 1241 980 1289 illis
993 1241 1075 1306 ignote
1085 1241 1116 1288 sit
1132 1240 1228 1290 orbitse.

23 1329 24 1384 1
133 1337 185 1372 usse
201 1323 254 1386 ipre
265 1322 369 1387 mentis
389 1320 449 1386 gerit
460 1321 543 1378 ricem,
560 1332 585 1370 et
600 1321 658 1370 duur
675 1321 744 1385 pueri
760 1329 813 1370 suut
825 1341 830 1370 :
849 1331 874 1371 et
889 1337 944 1372 curu
960 1323 992 1371 ed
1010 1329 1123 1370 melureur
1134 1329 1225 1370 setetern

135 1411 252 1458 mut.
264 1403 294 1451 sd
306 1401 385 1450 officie
395 1417 438 1450 sue
450 1401 594 1458 transmittit,
610 1402 674 1452 omui
691 1409 806 1450 euneture
816 1402 893 1460 fulcit,
904 1402 978 1468 petris
994 1403 1072 1451 studie
1083 1401 1188 1452 ostendit
1203 1410 1229 1450 et

133 1492 249 1539 nenorst,
259 1483 317 1532 doru
328 1489 434 1548 peteruse
446 1482 538 1531 vinulis
554 1482 637 1530 tribuit
653 1483 823 1532 instrumente:
841 1499 869 1533 se
880 1483 948 1532 sinrul
965 1483 1065 1548 euspicii
1076 1483 1229 1548 gretiejubet

135 1571 188 1613 tuuc
198 1563 296 1627 primurn
308 1563 406 1612 domurn
418 1569 538 1626 peternern
549 1562 639 1628 ingredi
656 1563 741 1626 lilium,
751 1563 817 1628 qussi
826 1563 993 1628 imperetururu
1009 1571 1034 1614 et
1044 1565 1114 1612 ermis
1124 1579 1177 1614 cunr
1190 1579 1227 1612 ro·

135 1643 304 1693 minimum.
337 1641 386 1692 Eos
398 1651 520 1707 pentem,
530 1644 571 1706 qui
582 1643 735 1692 decesserunt
751 1660 764 1692 e
776 1644 833 1701 rite,
844 1645 951 1700 bonone,
963 1643 1114 1694 ceremonia
1125 1651 1226 1710 quoten-

136 1723 174 1772 nis
191 1723 243 1788 leffe
257 1724 362 1774 desoetee
378 1723 534 1772 oonrruuniter
548 1724 641 1773 eunctis
656 1723 794 1784 munaus,
804 1741 857 1789 quer
875 1726 981 1790 prinnini
993 1725 1121 1790 unicuique
1133 1725 1226 1789 proprie

134 1805 212 1870 pugi
221 1805 305 1854 nient.
340 1803 461 1869 Gyenuloe
478 1804 534 1854 iteru
550 1806 677 1854 certamine
693 1806 857 1871 equestrieque
873 1805 984 1870 instituit,
999 1807 1141 1870 mirsicreque
1158 1805 1227 1854 ludos

135 1885 206 1934 series
215 1885 322 1936 esllribet.
354 1884 393 1934 Ac
404 1885 520 1950 protecto,
531 1887 610 1950 quoed
629 1886 754 1936 deiunctae
770 1893 871 1950 epectet.
887 1887 979 1936 herodis
994 1895 1020 1935 et
1035 1887 1077 1934 filii
1088 1886 1153 1934 subit
1168 1900 1226 1934 ecu-

135 1966 260 2015 ‹tisiunesuz
278 1966 359 2030 quoed
376 1963 448 2029 tilios,
464 1966 551 2030 petris:
569 1968 648 2032 qoced
666 1973 776 2030 perenne
791 1975 928 2031 ceteraeque
939 1967 1085 2031 hujumodi,
1096 1967 1224 2014 muteris:

136 2047 194 2094 ossei
204 2045 328 2111 diligentie
338 2061 431 2110 uesper
448 2047 556 2095 orunibue
566 2047 703 2111 providens.
734 2047 840 2104 Queruru
855 2061 930 2096 reruru
947 2045 1157 2104 enimedversione‚
1173 2061 1228 2110 qun

134 2129 272 2184 mmet.
283 2139 353 2190 equo
364 2125 443 2174 suiruo
454 2125 513 2175 terre
523 2127 623 2177 debetis.
641 2142 695 2176 nem
707 2128 752 2176 boe
764 2135 835 2191 pecto
846 2134 871 2174 et
881 2126 977 2176 mortuis
987 2125 1155 2174 et'virentibus
1163 2125 1227 2173 eritis

133 2209 251 2274 'etium
261 2207 381 2270 leeileque
389 2207 511 2264 ourebitie,
521 2215 547 2256 et
556 2207 627 2258 t‘soile
636 2207 783 2258 curebirniui.
799 2206 872 2257 Nune
884 2223 938 2256 vero
950 2221 1002 2270 roe,
1012 2221 1041 2256 ec
1052 2206 1124 2256 ueteri
1135 2221 1225 2268 omnes,

133 2289 173 2354 qui
182 2288 340 2339 mnuiter'
347 2287 478 2337 mundum
489 2287 564 2352 legens
581 2303 632 2352 eoe,
642 2288 685 2353 qui
695 2295 784 2336 nesure
800 2295 928 2351 eusernnt,
934 2287 985 2352 jem
997 2286 1134 2352 lugubribus
1144 2286 1228 2352 espie-

132 2370 237 2418 tiouibue
253 2367 369 2433 pmseouu
385 2368 451 2426 estis,
468 2368 539 2417 ebite.
572 2367 619 2418 llic
638 2376 682 2426 est,
700 2384 715 2416 o
735 2367 878 2423 Menerene.
901 2367 1009 2432 Aepeeire
1029 2367 1131 2416 bsrlesie
1142 2383 1228 2420 senno.

133 2449 211 2498 Mu.
226 2448 274 2498 Per
282 2449 394 2506 iorem
405 2449 522 2507 Socrates,
533 2449 625 2499 &euru
632 2449 692 2498 dicle
699 2447 834 2514 Aepesieur,
841 2449 870 2507 ei,
879 2465 932 2498 curu
943 2449 1025 2498 mulier
1032 2450 1072 2514 eit,
1081 2448 1139 2498 teies
1148 2455 1227 2514 potest

134 2529 258 2578 onum
267 2543 407 2594 mnam.
422 2530 466 2580 So.
483 2529 525 2588 At,
536 2531 557 2579 ei
567 2531 644 2580 minue
653 2531 738 2590 urbis,
749 2545 845 2596 sequere
856 2547 894 2581 rue
904 2549 910 2578 ι
923 2531 1041 2580 dicentem
1052 2531 1127 2595 ipseru
1135 2529 1226 2580 eudies.

131 2611 210 2660 nn.
225 2610 451 2674 &persumerocm
463 2610 566 2676 Aspseie
577 2611 620 2670 tut,
636 2611 753 2676 Quies,
763 2619 787 2660 et
803 2610 929 2676 quelieeit‚
940 2611 1005 2661 novi.
1038 2611 1080 2662 So.
1099 2609 1148 2660 Cur
1157 2610 1229 2676 igitur

130 2707 183 2740 eern
201 2705 251 2738 non
273 2692 402 2740 sumeris?
417 2707 460 2740 cur
477 2707 525 2740 uon
544 2693 617 2742 hebes
634 2699 730 2758 propter
745 2692 989 2742 bencoretioneruilli
1001 2692 1116 2756 gretiemi
1149 2691 1225 2742 Meu.

120 2759 255 2835 'legentem
272 2769 394 2835 equidem,
404 2787 419 2820 u
429 2771 547 2829 Soeretee,
558 2773 634 2822 bebeo
646 2774 742 2838 gretisro
759 2773 850 2822 mulieri
861 2772 926 2830 bulo,
937 2787 978 2822 seu
989 2773 1048 2830 siro,
1059 2772 1166 2837 quisquis
1182 2771 1227 2820 tibi

130 2851 257 2902 cretionem
268 2851 330 2900 beno
341 2851 454 2900 tredidit:
471 2867 500 2902 ec
510 2867 558 2916 pre
569 2855 652 2904 ceteris
663 2854 742 2904 multis
753 2854 854 2904 uerrenti
872 2853 968 2920 gretieru
981 2854 1065 2905 bebeo.
1098 2854 1141 2904 So.
1159 2853 1226 2902 Bene

131 2933 233 2997 qu‘ulern.
249 2931 297 2980 Sed
310 2947 340 2982 ne
351 2947 389 2980 rue
401 2933 496 2996 prodes,
507 2941 534 2982 ut
543 2933 656 2998 deincepe
666 2935 751 2984 mutter
761 2933 813 2998 ejus
824 2934 992 3000 preciereeque
1003 2934 1149 2985 decivilibus
1157 2933 1226 2982 rebus

130 3013 246 3062 entim
265 3012 310 3062 tibi
325 3027 471 3067 meatu.
504 3014 577 3066 Men.
595 3015 704 3066 confide.
721 3031 768 3066 non
782 3017 888 3082 prodens.
905 3016 989 3066 referes
999 3017 1081 3066 morlo.
1113 3015 1155 3064 So.
1173 3013 1226 3063 liet

131 3093 281 3159 uptun.
