3174 5296
167 543 241 622 eoo]
623 544 816 606 enixus.
1208 548 1265 607 sei

165 695 207 746 An
225 698 309 748 domos
326 699 423 764 q'nidem
438 713 495 748 usos
515 699 602 748 multus
613 706 639 748 ot
648 699 797 749 neceererme
808 702 854 756 est,
865 703 891 746 et
908 699 1010 748 multum
1026 697 1101 748 reiert
1116 699 1146 747 ed
1163 683 1268 747 hominis

165 778 320 836 ritemntin
332 781 453 830 telldomo
472 781 733 845 potiushebitotqnum
743 781 770 828 ln
791 789 906 845 porroet
923 781 965 828 vili
983 779 1121 829 domicilio:
1140 779 1264 843 supientia

165 875 222 908 voro
230 875 288 909 mne
299 861 379 924 exigui
396 862 469 927 pretii
484 874 531 917 ost,
541 870 567 910 et
577 877 662 926 perum
671 861 744 912 refert
758 869 785 912 ut
795 863 849 925 quie
859 862 889 910 de
899 861 1007 910 menimis
1023 861 1095 910 rebus
1109 869 1152 910 ent
1167 860 1265 923 sopiens

165 947 208 989 eut
216 941 341 1006 imperitus
350 943 399 992 eit?
433 943 474 992 An
484 943 546 992 benc
557 943 655 1007 quidem
673 950 832 992 contemnunt
848 941 965 999 homines,
982 949 1007 990 et
1014 943 1092 1006 ipsein
1100 956 1149 990 non
1164 947 1248 989 emunt
1257 956 1263 985 :

165 1037 278 1084 cupresso
287 1037 344 1072 vero
355 1039 409 1088 qme
420 1031 458 1072 ent
466 1024 493 1072 in
503 1023 583 1088 domo,
594 1031 621 1072 et
636 1023 769 1072 Penteliois
782 1023 904 1086 lapidibus
921 1022 992 1072 multi
1009 1023 1127 1086 indigent,
1140 1029 1167 1070 et
1181 1036 1262 1070 emere

164 1102 265 1152 rolnut?
300 1103 399 1160 Nonne,
408 1105 460 1154 sive
471 1104 566 1168 rapiens
577 1105 630 1168 quir
640 1104 713 1152 iuerit
722 1104 873 1166 gnbemetor,
884 1103 937 1152 sive
946 1104 1052 1152 medicus
1062 1104 1089 1152 in
1099 1111 1151 1152 erte
1168 1102 1264 1158 doetus,

165 1189 208 1231 ent
221 1183 294 1232 elium
310 1185 431 1248 quendem
445 1183 562 1249 ejusmodi
573 1193 648 1232 ertom
656 1184 718 1232 bene
729 1191 755 1232 et
766 1191 833 1232 recte
842 1191 942 1233 trectere
953 1184 1050 1249 poterit,
1056 1184 1127 1232 nullo
1140 1199 1190 1231 non
1200 1197 1263 1247 pree·

164 1263 265 1312 utentior
279 1264 360 1322 inerit,
372 1281 403 1315 ex
420 1267 458 1314 hir
475 1264 641 1331 qnimexirnee
655 1279 726 1326 opum
743 1264 907 1326 possessiones
923 1264 1027 1312 hebent?
1061 1263 1110 1321 Qui
1126 1278 1183 1312 vero
1199 1264 1262 1311 bene

165 1346 298 1396 consultore
308 1352 397 1410 potest,
413 1346 500 1410 etipse
515 1344 608 1408 sibiipsi
624 1351 649 1392 et
661 1343 712 1399 etii,
722 1343 843 1406 quomodo
853 1345 944 1407 optimo
958 1359 1070 1393 successu
1082 1344 1163 1407 deget,
1180 1357 1261 1391 nonno

164 1425 240 1474 etiem
248 1425 376 1489 disponere
387 1426 484 1488 poterit,
494 1424 515 1473 ei
525 1425 571 1472 hoc
590 1423 669 1472 secero
682 1421 800 1472 noluerit?
836 1423 914 1489 [³95]
929 1425 962 1472 ht
972 1423 1081 1490 Eryxias,
1099 1431 1201 1487 excepto
1213 1438 1261 1472 ser·

165 1513 279 1562 mone,et
288 1505 389 1554 sublatis
398 1505 484 1562 oeulis,
493 1505 561 1553 velut
570 1503 655 1569 injurie
668 1503 769 1552 effectus
777 1511 850 1560 esset,
860 1504 898 1552 'l'u
909 1505 974 1554 enim
986 1504 1091 1570 (inquit)
1109 1520 1125 1553 ο
1143 1505 1262 1560 Semeles,

164 1587 288 1634 silerem
304 1585 383 1636 dicere
397 1591 526 1650 oporteret,
534 1584 626 1634 dioeree
642 1591 671 1632 te
685 1583 772 1640 Gellio,
790 1584 922 1650 Hipponici
940 1584 999 1642 tilio,
1017 1585 1129 1634 ditiomm
1149 1599 1219 1634 esre:
1237 1591 1263 1632 et

164 1665 261 1730 quidem
278 1681 327 1716 non
337 1665 507 1730 imperitiorom
517 1671 542 1714 te
552 1681 604 1714 esse
614 1666 641 1714 in
650 1664 707 1714 ullis
724 1665 834 1714 maximis
848 1665 919 1714 rebrn
935 1666 1091 1728 confitereris,
1112 1666 1155 1714 red
1164 1664 1263 1730 sopien-

164 1747 266 1798 tiorrm:
283 1755 398 1796 ettemen
408 1747 484 1796 nihilo
496 1747 571 1811 megin
581 1753 678 1810 proptor
688 1747 733 1795 hoc
750 1745 823 1795 ditior
832 1762 867 1798 ee.
900 1748 1018 1796 Fortassis
1028 1747 1140 1811 (inquam
1155 1747 1214 1812 ego)
1233 1752 1261 1796 tu

164 1835 257 1892 qrutneo
267 1828 416 1895 Eryrie,hos
433 1843 554 1877 sermones
565 1843 623 1892 quoe
638 1843 702 1876 nuno
713 1827 827 1876 hebemus
835 1843 889 1877 esee
906 1828 997 1885 ludum,
1008 1835 1035 1876 et
1044 1827 1133 1892 elioqni
1143 1842 1191 1876 non
1202 1842 1260 1874 rere

164 1907 198 1956 ite
208 1923 234 1958 se
246 1909 344 1965 hebere,
351 1909 394 1958 red
404 1924 457 1958 esee
464 1911 533 1958 volnt
542 1910 568 1958 in
577 1908 680 1958 telorum
689 1907 747 1958 ludo
753 1909 823 1966 telos,
833 1924 895 1974 quos
905 1909 980 1974 siquis
987 1908 1069 1966 ducet,
1080 1909 1175 1958 officere
1187 1907 1263 1971 possit

164 1996 192 2036 ut
202 1990 352 2039 colludentes
361 1997 510 2054 superentur.
530 1990 591 2039 edoo
610 1997 702 2040 utnon
719 1991 824 2039 heberent
841 2005 899 2054 quos
920 1997 1003 2039 contre
1017 1991 1115 2040 ducent.
1147 1987 1264 2036 Fortassis

165 2068 322 2132 igituretiem
339 2069 371 2118 do
385 2071 501 2120 divitibus
511 2079 581 2134 putre
591 2071 666 2119 nmilo
676 2071 752 2136 megin
761 2071 797 2118 ite
812 2086 861 2120 rem
881 2071 1012 2127 neliobem,
1021 2069 1064 2120 eod
1074 2083 1193 2118 sermones
1209 2083 1262 2116 esee

166 2149 284 2212 quosdam
292 2150 407 2215 ejusmodi
422 2151 464 2216 qni
480 2152 556 2200 nihilo
572 2151 646 2216 mugio
660 2151 712 2200 reri
728 2153 776 2200 sint
792 2167 866 2216 quem
883 2152 953 2200 ielsi:
971 2151 1056 2215 quibus
1075 2150 1175 2214 prolatis
1191 2151 1262 2198 homo

165 2229 383 2280 conundioentibos
400 2231 507 2296 superior
519 2233 614 2296 erodet,
621 2233 686 2297 quod
695 2232 866 2296 sapientissimi
875 2232 923 2280 sint
939 2231 1008 2280 nobie
1017 2233 1088 2280 etiem
1107 2229 1226 2286 ditissimi,
1237 2238 1264 2278 et

167 2310 413 2375 qnodqnirnltelelna
429 2313 667 2378 unicuicumque
678 2323 805 2362 suntvere.
838 2313 870 2362 Et
879 2313 939 2362 nihil
955 2311 1122 2362 iortemiemiri
1131 2312 1178 2360 eit:
1196 2311 1263 2360 eimi-

166 2391 293 2440 iitervelnt
302 2392 324 2440 si
332 2393 378 2441 duo
390 2393 536 2442 homines-de
547 2395 623 2443 literis
629 2395 745 2451 dicerent,
754 2403 780 2442 et
791 2396 851 2444 nlter
859 2401 977 2444 moereret
986 2395 1010 2442 in
1019 2393 1117 2442 nornine
1129 2393 1231 2442 Socratis
1246 2407 1264 2442 o*

166 2471 309 2536 principium
326 2473 443 2531 obtinere,
463 2476 524 2522 elter
534 2494 557 2531 n,
568 2476 607 2524 bic
616 2491 693 2524 sermo
703 2477 813 2540 euperior
823 2476 933 2524 evaderet
946 2475 999 2540 ojus
1010 2476 1051 2539 qui
1067 2493 1085 2524 o
1093 2481 1219 2530 moereret,
1236 2479 1263 2520 et

167 2567 216 2600 non
231 2553 282 2618 ejus
299 2555 339 2619 qni
356 2570 374 2604 o
393 2555 538 2620 principium
548 2557 637 2605 hebere
647 2556 747 2606 diceret.
780 2557 816 2604 At
826 2555 925 2621 Eryxias
937 2557 967 2604 nd
978 2563 1110 2620 presentes
1117 2554 1261 2618 respiciens.

167 2633 283 2696 simulque
291 2635 370 2684 ridens
381 2651 409 2686 ec
419 2638 570 2694 emmens,
586 2638 654 2686 velut
670 2655 685 2686 e
695 2637 805 2702 nuperius
816 2636 887 2686 dictis
898 2639 1043 2696 vulneretur,
1054 2637 1106 2700 Ego
1116 2635 1230 2702 (inquit),
1247 2649 1262 2681 o

166 2713 284 2772 sedens,
295 2731 344 2764 non
356 2718 416 2765 telos
426 2718 540 2781 pntnbem
550 2733 602 2767 esse
613 2727 721 2782 oportere
732 2733 862 2775 sermones,
872 2719 959 2784 quibus
974 2734 1053 2782 neque
1063 2718 1137 2766 elicui
1155 2733 1185 2764 ex
1203 2729 1263 2778 prro-

167 2795 274 2844 oentibus
283 2798 427 2861 mordere
437 2798 567 2862 quidpiam,
577 2815 658 2864 neque
669 2801 742 2849 etiem
751 2801 827 2848 nllnm
836 2816 867 2848 er
877 2801 937 2864 ipsis
958 2800 1088 2850 utilitatem
1104 2811 1191 2861 cepere
1208 2794 1264 2858 quis

167 2877 251 2939 possit.
282 2877 344 2934 Quis
354 2879 420 2928 enim
431 2886 511 2928 mente
521 2880 635 2943 preditus
654 2896 757 2945 unquam
770 2881 905 2936 crediderit,
925 2880 1112 2945 sapientissimos
1128 2875 1199 2925 nobie
1209 2890 1263 2922 esso

167 2958 241 3006 etiem
251 2959 396 3008 ditissimos?
432 2959 522 3010 Verum
529 2961 608 3024 potine
618 2962 648 3010 do
659 2962 800 3012 ditescendo
809 2963 932 3027 dispntme
941 2957 1130 3024 oportere,nnde
1138 2959 1264 3004 honestum

167 3039 199 3087 sit
207 3040 332 3098 ditescere,
344 3049 370 3090 et
379 3039 443 3090 unde
454 3048 539 3105 turpe:
557 3049 583 3088 et
593 3044 637 3088 boc
648 3043 735 3103 ipsum,
744 3042 845 3088 divitem
856 3055 909 3087 eene
918 3039 1046 3090 hominem,
1057 3035 1116 3098 quid
1126 3035 1170 3082 til:
1184 3043 1263 3082 ulrum

168 3120 257 3169 bonnm
270 3137 301 3170 en
317 3122 414 3170 molum.
447 3123 484 3169 Sit
492 3123 527 3168 ite
545 3121 653 3182 (inqnem
668 3120 727 3179 ogo)
745 3119 844 3178 proinde
860 3119 891 3162 de
907 3122 994 3162 cetero
1013 3115 1059 3162 lieo
1075 3114 1264 3162 observabimus.

169 3199 399 3250 Recloveroetinm
417 3209 443 3248 tn
463 3199 523 3246 locis
543 3199 605 3259 quod
627 3194 749 3242 admones.
783 3196 831 3242 Sed
853 3210 896 3242 cur
915 3208 966 3242 non
986 3193 1046 3256 ipse,
1068 3191 1262 3255 quondoquidem

166 3295 299 3330 sermonem
310 3280 431 3335 induxisti,
442 3279 521 3326 dloere
532 3289 656 3338 ergreseue
664 3290 690 3322 es
701 3281 781 3323 utrum
797 3274 887 3322 bonnm
903 3289 933 3322 en
944 3273 1032 3321 melum
1040 3273 1085 3321 tibi
1095 3287 1147 3321 esse
1158 3272 1282 3342 videnturv

166 3361 265 3410 divitem
275 3361 345 3408 esee?
362 3357 554 3423 quondoquidem
564 3369 621 3402 seno
630 3355 764 3418 superiores
771 3367 893 3402 sermones
902 3369 950 3401 non
960 3353 991 3401 de
1010 3355 1055 3401 hoc
1072 3351 1131 3400 dicti
1147 3367 1200 3400 eeee
1218 3353 1263 3400 tibi

167 3442 287 3492 ridentur.
298 3439 362 3488 Mihi
370 3439 452 3502 itoqne
459 3438 561 3493 videtur,
570 3435 751 3500 inqnit‚bonum
759 3435 993 3492 eeee,divitemeese.
1007 3434 1118 3497 thnum
1126 3433 1262 3498 ipeoedhno

167 3523 224 3585 quid
236 3521 317 3570 dicere
333 3520 414 3585 vellet,
426 3519 519 3567 obstitit
529 3517 626 3574 Critias,
636 3524 669 3574 et,
678 3516 715 3566 Τιι
726 3532 783 3565 vero
792 3517 831 3566 dic
846 3517 915 3574 mihi,
930 3515 1019 3580 inquit,
1037 3529 1053 3562 o
1064 3514 1159 3579 Equis,
1174 3514 1263 3562 bonnm

167 3617 220 3652 osse
228 3609 297 3666 putee
306 3601 405 3650 divitem
413 3600 484 3648 esee?
504 3599 676 3664 Egoproiecto,
688 3613 732 3663 por
741 3598 757 3648 J
759 3615 835 3647 orem.
846 3598 937 3662 alioqui
947 3598 1012 3646 enim
1021 3597 1151 3646 insanirem
1161 3613 1167 3640 :
1183 3603 1209 3644 ct
1219 3611 1263 3643 ne·

166 3683 255 3732 minem
262 3697 314 3732 esse
322 3690 381 3746 puto
392 3683 490 3744 quinon
500 3682 545 3730 hoc
555 3681 704 3730 confiteatur.
721 3679 807 3743 Atqui,
814 3679 892 3742 inquit
903 3681 972 3737 ulter,
984 3687 1009 3727 et
1018 3693 1064 3741 ego
1075 3678 1197 3726 nominem
1207 3691 1262 3724 esee

167 3764 265 3814 arbitror
273 3777 346 3827 quem
356 3777 404 3811 non
415 3762 516 3812 efficiam
526 3770 554 3812 ut
565 3777 658 3810 mecum
668 3763 809 3819 consentiat,
821 3759 940 3825 aliquibus
949 3757 1085 3808 lrominibns
1092 3759 1165 3822 [teo]
1175 3757 1262 3806 melum

167 3861 219 3894 esee
229 3845 354 3893 ditescere.
386 3843 411 3891 Si
421 3843 484 3892 enim
495 3844 585 3892 bonum
595 3849 667 3900 esset,
678 3858 727 3890 non
739 3844 821 3906 utiquo
833 3843 926 3890 melum
944 3839 1086 3904 quibusdem
1105 3848 1211 3886 nostrum
1228 3840 1262 3887 vl·

168 3926 271 3974 deretur.
304 3924 422 3973 Dicebam
433 3924 504 3988 igitur
512 3924 543 3972 ed
554 3925 627 3990 ipson,
643 3923 759 3987 Equidem
771 3925 881 3972 sidehoc
893 3922 1077 3977 contenderetis.
1092 3931 1144 3970 nter
1158 3927 1262 3969 restrum

168 4007 260 4056 veriore
276 4005 341 4054 dicet
358 4006 389 4054 de
407 4006 561 4069 equitatione.
572 4005 693 4069 quomodo
707 4004 761 4068 quis
780 4003 871 4067 optime
883 4003 964 4066 equita
980 4018 1006 4050 re
1025 4002 1109 4066 possit,
1126 4003 1147 4050 si
1167 4002 1263 4065 quidem

167 4090 219 4152 ipse
238 4103 312 4150 equos
333 4102 418 4144 esrem,
438 4087 491 4150 ipse
509 4087 685 4136 contentionem
709 4087 829 4134 intervos
851 4084 962 4133 dirimere
981 4099 1085 4132 conarer.
1118 4083 1263 4131 Erubesoero

167 4170 231 4218 enim
250 4169 329 4218 sinon
345 4175 459 4232 quantum
476 4183 570 4232 possem
587 4182 693 4232 prmeene
708 4167 882 4216 dissensionem
895 4166 1049 4228 impedirem:
1068 4173 1109 4212 out
1129 4165 1148 4210 si
1166 4163 1196 4211 de
1217 4163 1265 4210 elio
1349 4194 1354 4200 -

167 4265 309 4313 quecunque
327 4265 353 4298 re
361 4248 544 4306 contenderetis,
552 4257 577 4297 et
587 4250 618 4296 de
628 4263 658 4298 ee
673 4263 721 4296 non
733 4247 907 4307 consentiretis,
923 4246 998 4294 nihilo
1019 4247 1092 4309 magis
1113 4243 1203 4292 inimici
1222 4257 1264 4305 pro

168 4331 252 4380 amicis
262 4330 388 4380 discessuri
399 4331 491 4378 essetis.
526 4330 597 4378 Nunc
607 4337 687 4378 autem
698 4344 751 4376 cum
761 4329 791 4376 de
804 4327 920 4390 ejusmodi
932 4343 956 4374 re
976 4325 1135 4380 contendetis,
1156 4338 1204 4386 que
1221 4339 1264 4386 per

166 4419 244 4466 ,totam
252 4411 326 4460 vitem
337 4410 372 4460 uti
383 4427 482 4460 necesso
492 4419 538 4477 est,
551 4419 576 4460 et
585 4411 687 4458 multum
698 4410 785 4458 referat
794 4416 873 4458 utrum
883 4408 934 4472 ejus
944 4423 999 4456 cnm
1009 4405 1119 4454 habenda
1134 4404 1175 4456 eit.
1197 4404 1264 4452 velut

168 4494 203 4542 rei
214 4493 291 4548 utilis,
300 4507 330 4538 nn
341 4507 419 4548 secus,
431 4501 456 4540 et
468 4495 512 4542 hoc
523 4509 578 4541 curn
588 4507 637 4540 non
649 4491 706 4540 vilin
716 4494 775 4547 heo,
787 4491 829 4539 sed
842 4489 945 4538 maxime
955 4489 1047 4536 Grecis
1058 4501 1111 4533 ceso
1129 4483 1262 4534 videantur.

167 4571 287 4636 equidm
298 4586 378 4636 petree
387 4573 417 4623 do
427 4575 472 4624 hoo
482 4575 583 4638 primum
594 4573 655 4622 filios
667 4589 722 4622 suos
734 4573 872 4627 odelonem,
881 4577 908 4620 nt
917 4569 958 4620 ubi
970 4570 999 4617 etl
1009 4575 1104 4616 {etatem
1111 4565 1263 4628 pervenerint

238 4655 304 4704 ΡΜ.
319 4654 360 4702 rr.
720 4653 754 4703 ll.
1151 4650 1164 4695 o
1178 4645 1199 4693 U
