3102 5312
123 501 194 594 eon
450 529 505 588 nn
531 527 704 592 uncinus
727 529 802 591 ne.
823 531 861 590 x.
1148 495 1229 590 itr-

122 681 276 746 in'poeternm
286 683 359 741 riret,
367 693 394 732 ut
405 683 469 733 Dece
487 697 539 736 eene
555 701 605 736 non
619 685 730 752 embiget.
745 701 828 735 venum
846 685 1030 736 conriderentue⁴
1039 701 1113 746 nune,
1133 691 1210 733 utrum

123 761 272 820 mflicienter,
280 765 345 815 Dece
355 782 414 822 enee,
425 767 536 816 ndrereun
545 777 659 832 negantes
678 767 832 823 ostendimur,
852 783 882 816 en
904 783 959 816 non.
991 768 1049 818 Cur.
1065 765 1213 816 Sufficienter

124 841 212 892 dictum
223 853 267 902 eet,
279 847 372 912 hospes.
399 845 503 896 Arnen.
514 847 652 912 Disputatio
660 848 732 912 igitur
743 848 854 896 edrereue
865 849 922 896 ietoe
931 849 1003 896 finem
1013 848 1107 896 hebent.
1116 848 1157 894 eed
1170 847 1211 894 ille

119 921 179 986 jem,
190 926 239 990 qui,
250 929 358 992 quemrie
372 927 438 977 Deos
448 943 500 977 eree
511 928 583 986 dicet,
595 945 676 979 curem
687 942 767 978 nmen
778 929 930 978 bumenemm
944 945 1022 978 retum
1032 936 1104 992 neget
1114 927 1210 984 hebere,

122 1003 156 1052 eic
179 1007 280 1057 euobie
300 1017 336 1058 eet
355 1009 498 1058 medendus.
530 1009 553 1059 0
571 1011 716 1066 ruminio,
736 1011 851 1064 dicemur,
870 1019 953 1058 netum
970 1009 1079 1074 quedem
1091 1007 1213 1057 divinitati

122 1095 222 1150 cognate
234 1089 264 1136 ud
274 1105 325 1138 rem
332 1091 376 1139 tibl
386 1091 536 1158 conjunctum
547 1092 706 1140 effirmnndent
715 1091 887 1153 colendumque
898 1090 971 1146 ducit,
978 1089 1072 1154 qnando
1083 1091 1149 1148 Dece
1159 1103 1213 1138 eote

122 1168 215 1217 eeeerir.
247 1171 295 1218 Sed
313 1173 470 1238 improborum
486 1171 670 1240 injustorumque
681 1171 802 1220 hominum
812 1171 907 1234 publice
915 1171 1071 1235 privatimque
1081 1184 1213 1228 eucnemon,

121 1247 169 1311 qui,
189 1249 248 1299 licet
265 1267 346 1302 revere
367 1254 449 1303 retice·
467 1268 516 1301 non
535 1254 590 1309 rint,
604 1253 675 1315 vulgo
692 1261 771 1298 temen
788 1251 871 1300 lelicer
890 1253 1013 1310 iubentur,
1032 1259 1057 1300 et
1070 1251 1213 1300 emminibue

120 1327 256 1394 frequenter
272 1335 402 1400 ceter-leque
412 1334 556 1383 sermonibus
567 1333 717 1390 extolluntur,
729 1337 819 1382 temere
830 1333 860 1381 nd
872 1333 1018 1396 impietrtem
1028 1341 1053 1381 te
1063 1331 1212 1396 precipitem

120 1419 196 1474 egunt
207 1430 213 1458 ε
231 1416 363 1472 autetiam,
374 1431 426 1464 cum
443 1401 555 1462 occidetue
571 1413 681 1462 hominen
692 1411 773 1460 videee
784 1411 815 1460 ed
825 1413 918 1462 nenium
928 1429 1003 1478 neque
1013 1405 1046 1462 lte'
1056 1413 1176 1469 devenire,
1186 1417 1215 1462 ut

120 1487 181 1540 lilios
192 1501 265 1558 etque
280 1503 377 1562 nepotes
385 1494 411 1542 in
421 1493 529 1542 menimis
539 1493 672 1558 relinquent
682 1493 817 1550 bonoribus,
828 1493 898 1542 relde
915 1495 1019 1543 turberis.
1036 1495 1109 1560 [900]
1127 1493 1215 1543 eudicti

120 1571 226 1630 lortemie
236 1585 278 1622 eut
288 1576 360 1624 etiem
369 1575 421 1639 ipre
432 1575 511 1623 ridirti
522 1573 656 1632 nonnullos,
667 1573 774 1638 quemvis
784 1573 874 1638 injuste
883 1583 908 1624 et
917 1575 990 1640 impie
1001 1577 1074 1624 multe
1090 1575 1213 1640 gesserint,

119 1661 220 1718 propter
229 1653 283 1718 ipen
293 1661 372 1704 temen
382 1657 472 1704 scelere
482 1671 510 1704 er
520 1671 546 1703 re
557 1669 631 1718 perra
640 1655 666 1702 in
675 1669 784 1718 mrguem
794 1667 819 1703 et
828 1671 858 1703 ex
869 1657 950 1704 infimo
964 1657 1036 1720 gredu
1058 1655 1090 1705 nd
1107 1656 1212 1722 tyrenei-

119 1721 174 1782 dem
196 1735 341 1798 perrenieee.
358 1743 482 1802 propteren
500 1752 552 1784 curn
572 1735 639 1784 Dece
659 1736 739 1783 herum
755 1751 831 1784 rerum
852 1737 1211 1800 euctnreeeeeepropteripeem

117 1829 173 1862 cum
184 1813 235 1862 illie
243 1815 433 1881 conjunctionem
442 1817 549 1865 incutere
559 1825 584 1864 et
603 1815 715 1865 edvereue
733 1831 774 1865 eor
792 1831 892 1880 peccare
911 1817 980 1872 nolit,
993 1816 1108 1868 nonnulle
1128 1815 1213 1866 ductu·

118 1893 278 1954 ,ebmrditrte
289 1911 317 1946 ec
327 1897 385 1945 Diis
395 1897 452 1962 ipeie
462 1913 601 1946 succensere
611 1913 659 1945 non
668 1898 759 1952 velens,
777 1899 824 1946 huc
835 1898 932 1946 undem
942 1899 1055 1962 delepme
1064 1913 1099 1954 er,
1109 1903 1144 1960 ut,
1155 1897 1213 1946 lieet

119 1973 188 2024 Deos
201 1991 253 2024 ecee
261 1977 389 2042 arbitreris,
397 1979 510 2028 numenei
517 1985 596 2028 temen
607 1993 645 2027 ree
654 1979 683 2026 eb
694 1978 740 2027 illie
747 1979 836 2044 negligi
846 1981 976 2032 ardenne
986 1979 1058 2042 igitur
1068 1980 1120 2036 brec
1130 1979 1213 2042 opinio

120 2057 151 2104 ud
163 2057 296 2121 grauiorem
306 2065 330 2105 le
339 2057 418 2106 trudet
427 2059 555 2124 impietetie
564 2061 680 2117 morbum,
689 2061 819 2108 remedium
835 2077 878 2126 pro
896 2059 993 2116 viribon,
1003 2059 1139 2124 opinionem
1150 2060 1212 2108 hone

119 2138 258 2195 refutantes,
280 2137 440 2188 adhibemur.
457 2141 567 2204 quocirce
585 2149 723 2205 sequentem
741 2142 923 2204 disputetionem
937 2155 991 2190 eum
1010 2139 1160 2204 precedente
1171 2139 1214 2187 ille

121 2219 214 2267 ratione
227 2221 361 2285 jungemur,
371 2235 418 2284 que
429 2221 541 2270 edvereut
552 2238 594 2271 coe
604 2223 684 2280 etiem,
695 2223 736 2288 qui
748 2221 815 2272 Deos
823 2238 874 2271 eece
883 2225 1011 2287 negabunt,
1026 2221 1063 2270 uei
1079 2235 1168 2270 eumue.
1184 2228 1211 2268 te

119 2313 187 2358 vero,
200 2299 280 2348 Clinia
290 2307 315 2348 et
326 2301 436 2366 Megillo,
447 2316 490 2366 pro
501 2303 662 2360 edolerceute,
680 2291 707 2352 ui
724 2303 813 2352 iecisti·
825 2300 952 2360 bectenue,
970 2303 1121 2366 respondete.
1138 2311 1210 2365 etque

118 2395 174 2444 ego,
195 2381 214 2427 ei
226 2383 323 2429 arduum
342 2382 399 2446 quid
421 2381 539 2439 inciderit,
553 2399 596 2432 roe
607 2385 746 2448 ementem,
756 2392 856 2435 utnune
866 2385 921 2440 ieci,
932 2383 1106 2432 tenemium
1116 2369 1210 2432 durem.

118 2459 181 2509 cn.
200 2459 277 2509 Recte
288 2461 362 2509 dicio:
379 2461 449 2511 etita
459 2461 539 2511 incito.
556 2479 599 2512 nor
614 2480 708 2528 quoque
724 2479 766 2529 pro
784 2463 869 2514 riribnr
878 2464 1000 2515 laniemur.
1032 2463 1137 2512 Arnen.
1154 2461 1212 2525 Non

117 2539 165 2588 erit
175 2540 255 2590 lernen
266 2539 360 2604 difficile
370 2543 529 2604 demonstrare
537 2543 604 2594 Dece
613 2549 661 2594 non
672 2545 749 2594 minue
760 2546 906 2606 minimarum
922 2560 1000 2594 renum
1011 2559 1082 2609 quern
1095 2544 1212 2607 mexime-

120 2635 174 2669 rum
192 2637 271 2671 cunm
285 2623 385 2672 bebere:
402 2626 532 2688 presertim
553 2641 607 2674 cunr
625 2626 698 2690 poulo
715 2627 877 2676 antedictum
894 2626 965 2675 luerit
983 2641 1025 2674 ece
1044 2623 1108 2688 omni
1127 2625 1214 2674 virtute

119 2701 221 2751 relertoe
228 2703 401 2768 providentium
411 2705 514 2754 omnium
525 2706 570 2755 eibi
579 2708 697 2772 proprium
706 2708 840 2756 vendicare.
872 2708 930 2758 Cor.
947 2707 979 2756 Et
996 2707 1097 2755 menime
1108 2705 1214 2771 quidem,

119 2781 227 2833 Arnen.
243 2785 315 2843 Quod
335 2785 447 2851 requittn,
464 2787 617 2852 communiter
627 2787 804 2852 investigemus,
815 2804 868 2854 qne
879 2789 911 2836 eit
919 2791 993 2837 virtue
1001 2803 1090 2846 eorum,
1101 2803 1148 2864 que
1156 2787 1213 2836 boni

119 2878 173 2913 erre
193 2866 360 2916 conceduntur.
377 2883 429 2932 nge,
449 2881 528 2916 nonne
546 2876 701 2934 temperatum
711 2876 922 2934 eminentemque
933 2867 1106 2918 nmerevttmtt
1117 2869 1213 2923 dentur,

118 2953 145 2992 et
162 2948 279 2996 centnm
296 2948 374 2997 vitio?
407 2948 466 2998 Cur.
482 2949 561 2999 Certe.
593 2949 697 2998 Arnen.
713 2947 779 3008 Quid
800 2950 886 3020 peno?
902 2965 980 3000 nonne
1001 2947 1114 2998 tomedo
1132 2949 1214 2998 virtuti

118 3025 193 3075 etiem
211 3027 287 3086 detur,
306 3029 421 3079 timiditu
439 3031 517 3079 vitio?
548 3029 607 3084 ,Con
624 3029 711 3079 Velde.
744 3030 848 3080 Arnen.
864 3029 897 3079 Et
912 3033 994 3080 borum
1009 3030 1056 3080 elie
1068 3030 1153 3093 turpio,
1164 3029 1214 3078 elie

115 3106 220 3156 boneetn
238 3107 366 3159 dicuntur?
399 3111 456 3161 Cet.
472 3109 580 3160 Neceeee
596 3118 640 3160 eet.
672 3111 778 3159 Arnen·
794 3111 826 3159 Et
845 3125 898 3176 que
914 3111 1129 3164 inhieritieennt,
1144 3109 1213 3158 nobie

116 3187 216 3252 quidem
236 3189 313 3239 ineeee
333 3205 419 3256 poene:
438 3189 506 3238 Dece
524 3205 580 3238 rero
599 3205 677 3238 eurum
699 3189 1118 3254 pertieipeenullomcdodicemue?
1153 3185 1212 3236 Cur.

119 3267 180 3318 nee
200 3270 273 3318 etiem
291 3271 369 3336 quirin
388 3271 538 3321 concederet,
568 3271 674 3320 Arnen.
691 3259 808 3334 Nunquid
825 3269 1002 3334 negligentium,
1012 3269 1119 3323 delicies,
1128 3268 1212 3332 otium

119 3349 195 3398 enimi
205 3351 317 3399 virtutem
327 3351 475 3415 putabimur?
493 3366 523 3399 en
534 3351 622 3400 aliter?
650 3349 898 3416 Cn1.Atquornodnl
925 3349 1029 3398 Arnen.
1037 3349 1101 3398 Num
1113 3349 1212 3399 contre?

121 3429 198 3496 [901]
232 3431 289 3481 Cur.
305 3431 343 3480 Ite
360 3447 425 3480 eene.
456 3431 560 3480 Arnen.
576 3431 667 3494 Horum
683 3447 739 3496 ergo
758 3431 908 3480 connerinin
918 3429 1067 3480 contrerium.
1101 3428 1215 3478 censio

118 3499 213 3577 utique.
246 3512 349 3561 Arnen.
366 3513 415 3571 Qui
434 3513 533 3572 deliciis,
555 3512 705 3576 negligentia
725 3513 821 3577 otioque
842 3511 938 3560 deditur
953 3517 998 3566 eet,
1013 3525 1082 3575 quem
1095 3507 1216 3559 Heeiodne

118 3591 216 3656 ignavie
226 3594 325 3642 menime
335 3593 396 3642 lucie
405 3593 504 3643 eiinilem
516 3591 584 3655 dicit,
594 3609 674 3641 nonne
686 3593 741 3641 odio
759 3593 827 3641 nobie
846 3592 964 3640 bebetm?
997 3591 1055 3642 cnr.
1072 3588 1216 3640 Rectierime

119 3675 229 3738 proiecto
248 3675 321 3739 poete
338 3675 380 3722 ille
401 3674 497 3722 cecinit.
530 3673 635 3722 Arnen.
652 3671 900 3740 Nonergodioendne
912 3670 1216 3730 Deueeoetnoreehebere,
1256 3715 1266 3724 ,

119 3773 183 3820 quoe
200 3755 264 3805 odit:
281 3771 327 3806 nec
345 3755 517 3820 permittendus
531 3763 568 3803 eet
585 3757 646 3804 ullus
666 3755 701 3803 ite
717 3753 806 3804 dicere.
839 3753 896 3805 Cet.
913 3753 987 3816 Nullo
997 3751 1077 3802 modo.
1110 3753 1216 3801 Arnen.

118 3827 160 3885 iin
170 3837 224 3892 ille,
236 3836 266 3884 ed
276 3853 347 3902 quem
357 3837 435 3901 operio
446 3836 545 3900 elicujue
556 3837 652 3886 effectio
670 3845 696 3886 et
715 3851 772 3884 curn
791 3835 892 3883 menime
909 3833 1017 3898 pertinet,
1038 3847 1125 3897 magne
1140 3833 1165 3880 in
1185 3849 1216 3882 co

118 3933 196 3982 opere
208 3919 306 3976 curabit,
316 3935 386 3983 pem
397 3918 553 3967 contemnet?
570 3917 696 3982 quomodo,
715 3917 736 3965 ei
755 3917 816 3964 hene
827 3915 963 3980 opinionem
974 3914 1155 3972 laudaverimus,
1165 3929 1214 3962 nun

119 3999 253 4048 errabimus
265 3995 281 4046 θ’
291 3999 333 4048 red
344 4001 379 4049 ite
389 3998 453 4048 ietud
463 3998 658 4048 conciderentur:
675 4013 762 4054 noune,
783 4001 832 4045 eive
851 3997 921 4044 homo
934 3995 985 4043 eive
997 3995 1074 4052 Dent,
1084 3994 1176 4045 duebue
1185 3994 1216 4044 de

119 4080 201 4129 cuneis
211 4080 330 4144 negligit?
365 4079 423 4130 Cer.
440 4081 550 4138 Quibus?
584 4081 688 4128 Arene.
705 4078 752 4127 Vel
764 4077 820 4141 quie
830 4077 890 4138 nihil
900 4075 1013 4125 interecee
1023 4077 1096 4124 totins
1108 4077 1218 4142 potensi

118 4175 197 4224 perne
216 4161 386 4225 negliguntur:
403 4162 441 4210 vel
462 4161 526 4227 quin,
547 4161 605 4210 licet
622 4161 735 4208 interesse
752 4157 869 4223 opinetur,
877 4156 971 4222 pigritie
981 4165 1060 4206 temen
1069 4157 1216 4222 mollitieque

118 4239 235 4289 detentue
251 4243 360 4306 negligit.
377 4243 445 4290 nliter
464 4244 529 4292 enirn
548 4241 695 4307 negligentia
713 4255 762 4288 non
776 4239 901 4304 contingit.
917 4238 1076 4304 nemqunndo
1094 4239 1146 4304 quie
1165 4254 1214 4286 non

116 4327 200 4386 putent
217 4323 320 4371 emnium
337 4337 417 4371 curem
434 4339 515 4386 gerere
536 4339 673 4390 magnorum
692 4335 872 4388 parvorumque,
893 4327 965 4385 etque
983 4319 1037 4370 ideo
1051 4319 1215 4368 imbecillitete

118 4403 308 4468 impeditnenon
319 4411 393 4460 curet,
403 4405 547 4469 negligentia
557 4417 613 4454 tunc
624 4405 649 4453 iu
666 4393 697 4450 eo
712 4417 764 4451 eree
778 4417 827 4450 non
846 4401 944 4451 dicitur:
966 4401 1016 4451 rire
1032 4403 1103 4449 bomo
1118 4398 1216 4463 quidem
1312 4413 1316 4424 ·

119 4485 143 4533 oi
164 4485 291 4549 impotens,
309 4485 358 4534 rire
376 4485 444 4534 Deus
460 4486 544 4549 aliquit
562 4501 610 4534 non
630 4499 699 4550 poeee
720 4483 828 4550 fingetur.
861 4485 919 4533 Cur.
935 4481 991 4531 Non
1010 4489 1081 4530 certe.
1112 4479 1218 4534 Arnen.

117 4565 168 4615 Sed
181 4581 244 4615 nunc
254 4567 289 4615 illl
301 4567 350 4616 duo
360 4566 433 4616 tribue
444 4567 512 4616 nobie
521 4567 686 4632 respondeum,
698 4567 747 4630 qui,
764 4567 821 4616 licet
844 4563 911 4644 ileos
929 4579 979 4612 cere
999 4557 1217 4690 concedunt,(:lmr

188 4647 256 4698 Pet.
271 4648 313 4696 Tr.
679 4648 715 4698 11.
1114 4645 1128 4690 ³
1156 4641 1162 4654 '
