3160 5314
148 542 217 624 1191]
454 541 509 603 DE
531 541 762 604 REPUBLICA
781 540 859 603 LIB.
883 545 937 603 111.
1183 549 1238 608 117

149 697 275 748 incivitate
285 697 441 746 mentientem
451 711 480 745 er
490 711 569 744 eemm
581 709 673 759 genere.
684 695 726 759 qni
737 696 838 745 ertificee
849 704 914 759 aunt,
924 703 1001 746 ratem
1011 697 1122 748 ridek'cot
1132 701 1241 750 rel'roor·

149 782 226 828 borum
237 777 356 827 medicum
366 777 403 826 rel
415 775 538 841 lignulum
549 775 651 840 labrum,
661 792 714 824 eum
727 777 811 841 punito
821 786 933 842 tanquam
944 793 992 826 rem
1001 781 1120 843 quendam
1138 781 1241 830 intereu-

151 867 242 920 temer
252 871 302 922 que
315 857 420 906 civitatis
439 857 523 921 ipeiua,
534 857 607 905 veluti
626 855 839 912 neria.euhmereio
856 867 882 908 ct
899 857 1014 922 pernicie·
1029 861 1143 924 requitur.
1175 865 1239 911 lton

149 938 439 1004 dieplaeeageedum,ri
458 938 553 1002 quidem
573 953 680 986 aermoee
697 953 769 1002 opere
786 946 937 1003 peraguntur.
969 939 1093 1004 80„de
1113 943 1241 1006 pretereo?

150 1033 226 1068 nonne
236 1020 395 1084 temperentia
412 1019 497 1068 noetria
514 1018 704 1068 edoleacentiboa
722 1035 783 1084 opue
800 1019 860 1068 criti
892 1019 956 1068 Ant.
972 1021 1071 1084 Abaqoe
1087 1022 1168 1070 dubio.
1200 1023 1242 1071 So.

149 1099 319 1166 Temperantia
329 1107 409 1148 auum
419 1113 499 1148 noune
509 1101 560 1149 bec
571 1099 628 1148 talia
637 1099 716 1164 quoed
727 1099 834 1148 rubditm
844 1100 944 1150 maxima
953 1109 1017 1164 runt,
1027 1109 1054 1150 ut
1071 1101 1181 1152 videlieet
1197 1104 1241 1152 ob·

151 1189 279 1245 tenuerent
291 1179 481 1244 mglemtiborr
499 1180 579 1242 qooed
589 1177 653 1244 ipeoe
663 1187 741 1228 eutem
753 1179 882 1244 principer.
895 1189 924 1230 ut
941 1183 971 1229 ed
991 1195 1141 1231 reuereornre
1160 1183 1242 1247 epola-

150 1273 246 1324 mmque
265 1269 291 1308 et
310 1260 449 1324 poculorum
470 1275 537 1307 mum
557 1261 707 1309 continenter
726 1261 790 1308 rint?
824 1259 887 1312 Aur.
909 1260 973 1310 Milri
990 1274 1047 1310 aene
1065 1261 1166 1311 ridetur.
1197 1263 1241 1312 So.

151 1339 208 1388 ileo
217 1340 299 1404 itaque
309 1339 365 1388 telie
375 1339 436 1388 bene
445 1339 509 1388 dicta
519 1341 711 1404 emererabinmr,
720 1340 799 1406 quella
814 1341 879 1405 apud
896 1341 1025 1391 Homerum
1043 1343 1174 1392 Diomeden
1192 1343 1241 1392 eit:

152 1421 204 1478 lile,
212 1435 269 1483 ege,
278 1420 375 1470 cilentio
381 1421 485 1483 meree,
493 1435 521 1469 ne
532 1421 592 1470 reeie
602 1421 680 1472 certia
690 1422 830 1487 niterem-
845 1429 869 1471 et
880 1422 926 1470 elle
937 1422 1077 1473 trierimilia:
1094 1423 1166 1472 licet
1173 1423 1245 1472 relar

151 1499 349 1566 rfflnteerletiei
356 1501 460 1564 cilentio,
465 1502 536 1551 deeee
543 1501 662 1551 timenter.
673 1509 697 1550 et
704 1501 1244 1568 alia‚qeecrrnqrreinlreuceententiemdlcmr·

152 1591 195 1628 tor.
214 1573 277 1630 Am.
287 1581 376 1630 Probe·
407 1581 452 1630 80.
462 1581 528 1639 Quid
539 1591 618 1630 eutem
628 1582 693 1632 treet
714 1583 844 1646 Vireteetr,
851 1581 918 1632 ceeia
927 1583 1004 1632 oealoe
1013 1582 1108 1648 bime,
1117 1589 1244 1634 merrtem

153 1663 213 1712 emi
229 1661 304 1727 [ero]
322 1669 349 1710 et
356 1669 443 1719 cetere,
453 1677 507 1726 qum
518 1671 656 1728 eequuntur.
667 1663 774 1728 nunquid
785 1664 867 1714 rootei
882 1671 908 1712 et
916 1663 1243 1729 alielrujuroemodiipeomm

154 1743 290 1806 prteatorurrr
300 1741 326 1790 irr
336 1741 467 1806 ruperioree
477 1743 578 1808 ruperto
588 1741 663 1804 dicta,
671 1741 720 1792 rire
729 1744 783 1808 quir
791 1743 869 1792 eolute
879 1744 905 1793 in
917 1745 1022 1794 oratione
1032 1745 1081 1793 rire
1090 1743 1201 1808 poimate
1208 1743 1244 1790 io·

153 1831 218 1880 reret,
229 1821 474 1872 anreetediorrnturt
507 1821 570 1872 Am.
588 1822 754 1888 Nequequern.
787 1825 830 1873 So.
846 1823 903 1874 Non
921 1823 984 1872 eninr
1000 1825 1107 1873 exirtimo
1125 1825 1156 1872 ad
1173 1823 1244 1888 jure·

153 1917 205 1950 nem
216 1903 396 1966 temptantium
406 1903 466 1959 herc,
478 1911 505 1951 ut
516 1903 650 1962 audientur,
659 1904 775 1953 conterre.
791 1903 850 1952 nihil
868 1913 947 1954 autern
965 1903 1088 1962 utrumn
1106 1919 1155 1968 quo
1172 1905 1243 1952 modo

153 1983 276 2032 delectem.
293 1983 333 2032 eei
353 1984 473 2047 quomodo
494 1982 536 2032 tibi
556 1983 666 2032 ridetur?
699 1984 761 2032 Am.
777 1983 824 2032 Ite.
856 1984 901 2034 So.
918 1984 985 2042 Quid
1003 1984 1103 2032 eutem?
1121 1982 1243 2032 videturne

153 2061 193 2110 tibi
202 2063 316 2111 idoneum
326 2077 378 2112 erre
389 2063 434 2112 hoe
441 2062 526 2126 jurani
543 2064 574 2110 nd
593 2063 764 2112 continentiam
782 2064 1012 2127 consequeremur
1030 2063 1127 2128 quando
1143 2063 1245 2112 audierit

151 2143 222 2191 einrm
232 2142 433 2206 repientirrimom
443 2143 508 2208 apud
519 2141 615 2206 po'e‘tem
626 2144 658 2192 ita
671 2143 816 2208 loquentem,
829 2145 1019 2194 Pulcherrima
1028 2144 1130 2194 mitet
1140 2155 1191 2194 erte
1199 2143 1244 2193 ui·

152 2223 741 2288 tieideter‚cerepteeaeedeertnrrneadnpiiro
757 2225 1012 2288 omiieeqeneieern
1027 2227 1245 2274 eruerentur

153 2301 474 2368 tmrimpiecernepocatr'e
482 2304 590 2364 weedit
595 2309 668 2368 ntqee
675 2305 826 2366 emerem
837 2304 873 2353 rel
883 2305 1123 2364 illuminantium
1128 2305 1247 2364 ecrescere

153 2384 231 2446 μήτι
240 2390 264 2433 et
275 2385 590 2434 annumeremur
606 2385 654 2434 rire
662 2401 715 2434 oum
724 2385 899 2436 dieiturlorem
904 2387 988 2436 eeteria
995 2395 1044 2436 tum
1052 2387 1107 2436 Diie
1113 2395 1162 2435 tom
1171 2387 1246 2436 bomi-

154 2463 583 2530 nibrrrdomientibrro,omnium,qore
591 2465 711 2530 vigilendo
720 2473 866 2524 treetererat.
873 2466 949 2516 coitur
956 2467 1087 2532 cupiditate
1096 2468 1247 2525 oblitumne-

156 2557 205 2606 qne
212 2544 274 2592 odeo
283 2543 377 2594 libidine
387 2545 520 2610 permirum
530 2561 590 2603 eree.
601 2549 714 2610 etquoed
723 2547 884 2613 eubileipaom
893 2550 1038 2613 reconderet,
1046 2551 1094 2598 non
1102 2549 1246 2608 retinuerit,

154 2624 196 2672 red
207 2623 295 2672 ibidem
305 2624 369 2673 lrurei
378 2627 493 2690 congredi
503 2625 581 2674 rtatim
593 2627 702 2686 voluerit,
713 2627 796 2677 dicem
807 2627 974 2678 rehementiori
984 2644 1009 2678 re
1024 2629 1136 2694 cupidine
1153 2631 1246 2679 iciam·

154 2705 209 2752 mari
219 2719 290 2769 quem
301 2705 368 2764 olim,
376 2721 430 2754 eom
441 2707 541 2772 primunr
552 2723 618 2756 carce
628 2708 727 2756 latenter
745 2708 863 2773 genitore:
879 2709 980 2759 invicem
998 2712 1116 2774 congreret
1133 2711 1245 2760 luerunt?

155 2785 201 2834 rire
218 2801 273 2835 eum
291 2795 404 2843 meretur,
415 2789 613 2852 quemadmodum
631 2787 866 2839 Vulcanmltlarteur
885 2805 913 2840 ac
931 2790 1049 2840 Venerem
1068 2799 1181 2841 coeunte·
1198 2801 1247 2840 rete

154 2867 349 2930 conparatur
383 2867 447 2916 Aur.
464 2867 519 2917 Non
532 2869 667 2934 perlovem
678 2869 735 2919 milri
746 2870 837 2919 ridetur
854 2869 973 2922 idoneum.
1005 2871 1047 2923 So.
1064 2871 1153 2922 Vemrn
1171 2872 1247 2922 ricuti

156 2947 438 2998 modateetconetenter
448 2948 547 2997 rimmnr
558 2949 722 2998 excellentium
732 2951 796 3000 lecte
814 2951 852 3000 rel
869 2952 933 3000 dicte
951 2959 1081 3016 necantur,
1100 2953 1246 3001 eninmdrer·

155 3027 224 3074 tenda
233 3035 259 3076 et
269 3027 389 3078 audiendo
399 3029 450 3078 bec
460 3021 523 3079 runt.
540 3030 612 3079 erloti
623 3045 676 3078 cum
687 3031 782 3088 dicitnr,
793 3031 882 3082 Pectore
889 3033 1248 3096 peurtmtrcrepeermtem,

155 3113 370 3172 mmmm
386 3111 808 3174 emeteegretierqreeierutrrtr'eri.
841 3113 901 3160 Am.
918 3113 1023 3160 Omnino
1032 3112 1066 3161 rio
1076 3121 1112 3160 eat
1121 3114 1247 3176 agendum.

157 3187 198 3236 So.
212 3187 299 3254 lleqne
308 3189 381 3240 etiem
392 3191 526 3240 meneribm
536 3191 652 3256 eorrumpi
664 3191 728 3256 ipro·
737 3193 800 3242 cirea
816 3191 996 3256 pennittendum
1015 3199 1060 3248 eat.
1070 3205 1149 3254 neque
1165 3205 1247 3238 araror

156 3283 213 3316 erar.
229 3267 290 3317 Aer.
300 3267 377 3318 Nullo
385 3279 464 3334 pecto.
479 3271 523 3321 So.
535 3271 591 3320 Non
599 3272 656 3337 ipeie
663 3271 884 3336 igiturcaoendorm
892 3270 1248 3332 Μικυο,ονιι1ω11ιι”,ιι1ωσι1

157 3348 301 3413 &nieuw
318 3351 438 3415 deraque:
453 3365 531 3416 oeque
548 3351 680 3401 leudendue
698 3350 799 3398 Phoeuia
817 3349 917 3398 Aciritlia
934 3355 1073 3413 preceptor,
1091 3351 1158 3412 quari
1176 3350 1248 3414 probe

157 3427 250 3477 locutor
260 3430 336 3494 luerit,
346 3433 404 3479 dum
414 3433 547 3481 consuleret
556 3433 602 3496 ipri
618 3445 714 3479 munera
730 3429 857 3494 accipienti
874 3429 974 3478 Achirie
991 3429 1103 3478 euritium
1120 3429 1188 3490 terre,
1200 3445 1248 3477 non

157 3509 281 3574 recipienti
290 3527 346 3560 reru
355 3513 386 3560 eb
396 3512 430 3560 ira
440 3527 588 3577 nequaquem
600 3513 718 3562 recedere.
733 3525 812 3574 neque
830 3525 906 3559 ruram
923 3510 1039 3560 Achillem
1055 3511 1133 3576 iprum
1150 3509 1247 3573 dignum

159 3589 349 3650 attinentium,
358 3593 579 3657 eontentiemurqrre
589 3593 649 3642 odeo
662 3592 770 3656 pecunie
789 3591 902 3656 cupidum
920 3605 972 3640 erre
989 3590 1083 3646 debere,
1095 3597 1122 3636 ut
1134 3589 1164 3638 ab
1183 3589 1247 3652 Aga·

159 3683 280 3721 meone
289 3671 392 3737 recipiet
405 3687 510 3730 munere,
520 3681 592 3737 etque
611 3681 637 3722 ut
656 3672 767 3722 Hectoris
783 3673 884 3722 oedeeer
901 3671 975 3736 [tet]
992 3670 1042 3718 eine
1061 3667 1136 3734 pretio
1152 3669 1249 3717 reddere

159 3751 223 3799 nolit.
253 3750 320 3800 Am.
336 3751 589 3801 manturanum
608 3767 656 3800 nun
674 3753 752 3801 decet.
784 3752 827 3801 So.
846 3751 936 3800 Vereor
954 3751 1062 3816 equidem
1081 3751 1174 3798 dicerer
1192 3753 1250 3814 q'uo·

159 3829 219 3880 rr'um
228 3832 265 3880 nr
276 3847 326 3881 nou
336 3839 374 3881 ert
383 3831 511 3881 Homerum
522 3835 573 3882 trec
585 3831 723 3898 prediceret·
735 3834 765 3882 de
782 3832 884 3889 Achille,
896 3831 977 3880 eiiiere
995 3831 1128 3880 dicentibur
1147 3831 1251 3880 eredere.

160 3913 383 3962 amenum·
394 3900 505 3962 aurern.
516 3911 759 3978 rporrrremorrrm,
772 3911 1061 3976 rerumrerum,
1073 3912 1181 3961 neom
1197 3925 1251 3975 per

159 3991 312 4044 eleiea'eae'ere
321 3993 443 4043 meiere.-
459 4009 528 4058 Μ
537 3999 602 4044 certe
613 3993 776 4052 ulcisceremei
790 3993 962 4056 mitteremur
976 3993 1078 4042 edomet·
1094 3999 1165 4055 etque
1182 4000 1208 4039 ut
1221 3992 1252 4038 ed

158 4071 252 4122 dedum
276 4073 359 4123 Deum
380 4075 531 4138 perrieeeiter
549 4089 574 4123 re
592 4075 708 4131 habuerit.
726 4075 797 4124 etiem
818 4087 922 4137 pugnare
938 4071 1040 4135 peremi.
1061 4073 1155 4138 quodve
1176 4071 1253 4135 iuquit

158 4165 236 4202 comer
246 4153 363 4219 Sperchio
373 4153 465 4203 flumini
475 4161 633 4212 concreatae,
643 4156 752 4203 daturum
762 4169 787 4204 re
798 4169 877 4204 comer
888 4154 945 4202 lerre
959 4153 1067 4202 Patroclo
1077 4153 1142 4201 heroi
1153 4160 1253 4207 mortuo,

157 4231 295 4298 diceturque
304 4235 331 4282 id
341 4234 428 4300 egicae,
438 4251 585 4301 nequequam
596 4235 748 4285 eredendum.
767 4244 854 4284 tremus
867 4243 946 4284 eutem
964 4233 1073 4283 Hectori·
1090 4233 1153 4282 eiron
1171 4233 1255 4280 Petro·

156 4313 188 4362 cli
198 4314 342 4379 erpuinum,
353 4323 379 4364 et
385 4313 548 4380 juguletioner
558 4315 705 4380 ceptiromm
716 4329 786 4379 rupta
794 4329 885 4380 rogum,
895 4323 1028 4378 cunctaque
1036 4313 1171 4378 hujurmodi
1179 4327 1256 4375 neque

155 4409 212 4442 rere
221 4409 272 4444 oue
284 4395 451 4444 annnorum
461 4411 538 4461 neque
549 4397 651 4446 sinemur
663 4397 748 4445 uortrir
759 4397 901 4460 peneadem,
911 4396 975 4460 quod
993 4395 1095 4444 Achilleo
1116 4393 1174 4440 Dee
1194 4391 1256 4438 fitius

155 4483 180 4524 et
190 4475 256 4524 Pelei
267 4477 511 4540 temperatiorimlviri
531 4486 556 4526 et
575 4480 605 4526 ab
625 4477 686 4527 lore
706 4477 803 4536 tentia
820 4477 926 4528 Chirone
944 4475 1115 4540 sepientieeimo
1133 4472 1258 4529 educatur,

153 4564 221 4605 teuta
231 4558 411 4622 perturbetione
422 4557 524 4622 egltetm
534 4559 574 4618 eit,
585 4567 611 4608 ut
621 4559 713 4608 duobus
723 4559 845 4610 :ueneriis
856 4558 940 4609 morbir
959 4556 1032 4606 animi
1050 4549 1198 4612 laboraverit,
1209 4549 1256 4600 illi·
