3110 5308
329 535 388 594 sss
646 595 650 604 ,
760 531 958 592 ersrours
1367 538 1416 616 [ro

329 687 412 752 optimi
428 684 518 751 abipso
533 685 601 734 initio
618 701 660 749 pro
677 685 763 734 viribus
778 687 935 749 gignerentur,
946 688 1094 752 magistratus
1109 691 1229 755 utriusque
1247 707 1316 740 sexus
1326 693 1413 756 nuptiis

328 770 505 836 preposuimus,
524 769 563 831 qui
574 769 636 818 clam
652 767 750 816 sortibus
759 767 897 832 quibusdam
915 783 1010 832 operam
1026 769 1118 826 darem,
1137 781 1164 820 ut
1181 773 1247 836 prsri
1259 776 1344 837 prsvis,
1363 777 1415 824 boni

329 859 412 901 contra
420 851 487 900 bouis
502 849 636 898 mulieribus
644 849 802 904 misceremur,
822 863 900 914 neque
918 850 967 898 ulls
984 851 1014 898 oh
1032 851 1077 898 hoc
1088 851 1206 902 discordis
1213 856 1318 912 oriretur,
1331 871 1385 903 cum
1394 857 1415 904 is

328 948 452 998 congressu
461 933 538 980 minus
554 945 666 994 prospero
684 930 782 994 qusque
794 931 909 978 fortrmam
924 931 1002 994 potius
1017 931 1048 980 sit
1067 947 1138 996 quam
1149 936 1272 984 consiliose
1283 935 1412 1000 principum

327 1017 469 1079 culpaturus.
499 1013 540 1060 Tr.
557 1009 725 1059 Recordemur.
758 1011 800 1060 So.
816 1010 936 1060 Praeterea
953 1013 1071 1062 sanximus
1095 1014 1152 1081 [19]
1170 1016 1283 1064 bonorum
1304 1017 1372 1066 iretur
1389 1017 1412 1066 irs

326 1097 402 1160 patris
410 1093 506 1143 alendos
516 1107 577 1148 esse,
589 1093 686 1140 aliorum
697 1107 752 1140 vero
761 1093 821 1140 alios
829 1092 877 1140 alio
885 1091 947 1140 clam
955 1093 1091 1144 mittendos.
1101 1095 1193 1144 adultos
1201 1097 1296 1146 demum
1305 1107 1412 1162 urmsqss

327 1177 453 1240 diligenter
462 1171 651 1229 considerandos,
667 1183 700 1230 ut,
712 1173 779 1237 siqui
789 1174 851 1221 inter
861 1174 978 1238 relegatos
988 1175 1055 1222 bone
1064 1175 1153 1226 indolis
1164 1177 1218 1234 siut,
1228 1180 1253 1226 in
1264 1180 1363 1242 patriam
1379 1195 1413 1228 re·

325 1265 454 1315 vocentur3
470 1256 490 1302 si
501 1255 540 1318 qui
551 1269 607 1302 vero
615 1254 678 1301 inter
686 1253 827 1302 domesticos
836 1263 917 1302 rontrs
924 1255 1049 1304 ridesutur
1060 1257 1148 1314 affecti,
1158 1259 1266 1307 similiter
1274 1261 1413 1324 relegentur.

324 1337 366 1387 Tr.
382 1337 421 1384 Its
429 1343 541 1384 statutum
551 1343 596 1382 est.
627 1335 667 1384 So.
684 1334 749 1384 Num
760 1336 816 1383 satis
823 1335 876 1398 jam
886 1337 1019 1384 hesternam
1029 1337 1221 1401 disputationem,
1230 1349 1343 1405 qusntum
1350 1357 1411 1390 corn·

323 1419 412 1485 pendio
422 1419 488 1473 licat,
499 1417 657 1466 narravimus?
674 1433 704 1464 an
721 1416 813 1480 aliquid
829 1418 902 1464 etism
912 1433 926 1464 a
937 1433 975 1465 me
995 1422 1187 1482 pretermissum,
1197 1437 1212 1468 ο
1230 1423 1305 1470 amica
1316 1422 1412 1476 Times,

323 1500 438 1550 recenseri
449 1498 585 1547 desideres?
617 1498 657 1546 Tr.
674 1497 741 1545 Nihil
752 1513 818 1545 sane.
833 1499 1042 1548 haeceninrierme
1053 1509 1114 1556 sunt,
1127 1517 1179 1566 que
1191 1511 1337 1552 tractarem.
1369 1505 1411 1552 So.

322 1582 414 1631 Audite
425 1581 546 1644 deinceps,
556 1595 602 1644 quo
612 1587 682 1644 pacto
692 1595 749 1644 erga
759 1581 828 1636 hanc,
837 1594 908 1643 quem
919 1579 1092 1644 descripsimus,
1101 1597 1152 1631 rem
1161 1585 1278 1648 publicam
1285 1583 1408 1632 simaffsc·

222 1675 224 1680 ·
322 1671 369 1720 tus,
381 1659 556 1726 comparatione
574 1662 645 1725 plarre
662 1660 729 1708 vobis
745 1649 1072 1724 aperiamiquemadmodurn
1090 1663 1110 1710 si
1127 1665 1179 1728 quis
1190 1665 1301 1714 animalis
1319 1663 1409 1712 eximie

322 1742 503 1808 pulchritudinis
513 1741 619 1799 intuitus,
631 1757 673 1788 seu
684 1741 756 1806 picta,
767 1757 810 1789 seu
820 1741 874 1790 vira
888 1742 984 1806 quidem
996 1742 1038 1790 sed
1049 1745 1175 1808 torpentia,
1193 1755 1270 1796 motus
1286 1753 1408 1810 gestusque

321 1825 452 1874 virentium
462 1831 488 1872 et
497 1832 617 1872 certamen
628 1821 724 1888 aliquod
735 1839 814 1871 eorum
825 1833 931 1888 spectare
942 1823 1075 1873 desideret:
1093 1823 1128 1874 sic
1137 1842 1181 1890 ego
1188 1843 1250 1876 nunc
1259 1828 1360 1875 libenter
1368 1827 1412 1876 sli-

321 1923 392 1972 quam
402 1913 535 1954 nauantem
545 1903 658 1960 audirem,
670 1921 716 1968 quo
728 1913 798 1968 pacto
814 1921 885 1970 supra
899 1905 1018 1969 descripta
1029 1907 1112 1954 civitas
1129 1923 1182 1956 cum
1194 1907 1300 1956 finitimis
1310 1908 1410 1956 civitati·

320 1990 365 2037 hus
376 1987 514 2042 decertaret,
524 1985 610 2050 quidve
619 1993 687 2033 tanta
694 1985 893 2048 ejusedueetione
902 1985 1074 2052 disciplineque
1084 1987 1181 2051 &pum
1193 1989 1216 2037 in
1225 1989 1333 2037 bellorel
1343 2005 1409 2054 paee,

320 2079 370 2118 tam
381 2067 483 2116 dicendo
493 2083 564 2132 qusm
574 2066 674 2132 agendo,
684 2082 739 2130 erga
749 2066 857 2114 civitates
867 2067 972 2130 singulas
982 2065 1158 2117 demonstraret.
1176 2069 1299 2134 equdem,
1311 2086 1327 2118 o
1335 2069 1410 2118 Critis

319 2159 345 2198 et
356 2150 528 2204 Hermocrates,
537 2148 596 2196 mihi
607 2147 713 2196 conscius
722 2163 780 2202 sum,
789 2163 838 2196 uon
849 2163 917 2212 posse
929 2165 967 2196 me
977 2163 1030 2196 eam
1038 2151 1118 2198 urbem
1125 2151 1232 2214 virosque
1244 2167 1284 2214 pro
1291 2150 1408 2214 dignitsse

318 2232 424 2280 laudare.
434 2245 472 2278 me
484 2227 581 2293 quidem
591 2244 638 2276 non
651 2243 717 2293 posse
728 2229 788 2275 nihil
799 2228 884 2276 mirum
893 2246 901 2288 ;
912 2229 955 2276 sed
965 2229 995 2277 de
1002 2232 1216 2296 veteribusquoque
1223 2239 1248 2278 et
1255 2231 1323 2294 hujus
1331 2233 1409 2280 seculi

318 2313 396 2378 poetis
412 2313 475 2360 idem
495 2309 618 2358 existimo:
637 2325 683 2356 rrorr
703 2323 750 2372 qno
767 2309 889 2372 poeticum
905 2325 979 2374 genus
995 2319 1150 2367 contemnam,
1162 2312 1204 2359 sed
1224 2311 1287 2376 quod
1305 2311 1409 2360 evidens

318 2394 444 2458 unicuique
456 2393 495 2447 eit,
512 2391 651 2440 imitationis
665 2391 782 2438 studiosos
800 2407 829 2438 ea
846 2391 915 2440 facile
934 2400 959 2440 et
970 2393 1057 2456 optime
1071 2393 1165 2448 imitari,
1184 2393 1304 2456 inquibus
1320 2392 1410 2442 luerint

312 2466 428 2533 'educati5
445 2473 589 2520 alienatam
599 2471 715 2536 longeque
729 2472 758 2519 ab
769 2488 850 2520 eorum
866 2473 1006 2523 educatione
1017 2461 1103 2521 remota
1120 2474 1229 2537 operibus
1239 2471 1336 2537 quidem
1346 2473 1406 2522 diffi-

317 2557 371 2610 cile,
390 2553 466 2602 verbis
482 2553 554 2602 etism
572 2551 691 2600 difficilius
708 2567 785 2616 posse,
804 2561 876 2617 prout
892 2543 1011 2612 convenit
1030 2555 1142 2602 emulari.
1158 2554 1274 2618 sophistes
1291 2556 1372 2618 utique
1383 2563 1408 2602 et

317 2633 412 2684 dicendi
423 2634 555 2682 stellarum
566 2633 638 2680 terme
657 2632 886 2696 preclarissimnrum
902 2635 987 2682 artium
998 2635 1086 2700 peritos
1102 2651 1153 2684 esse
1169 2637 1281 2684 srhitror:
1299 2635 1341 2683 sed
1351 2637 1407 2700 qais

316 2717 402 2764 multas
413 2715 519 2780 quotidie
528 2713 635 2762 ciritstes
647 2721 767 2776 pererrant
776 2731 821 2764 nec
833 2715 937 2779 proprias
948 2717 1017 2765 sedes
1027 2717 1087 2766 ullas
1101 2717 1197 2773 habent,
1214 2733 1294 2766 vereor
1304 2731 1335 2764 ne
1345 2733 1405 2766 con·

313 2797 404 2862 jectura
415 2794 511 2860 quidem
521 2795 614 2858 assequi
625 2803 752 2858 nequeant,
763 2811 835 2860 quarn
845 2799 920 2845 mults
927 2799 1087 2862 etquslieriri
1096 2799 1230 2862 philosophi
1238 2808 1309 2862 atque
1318 2799 1406 2856 civiles,

316 2887 365 2928 tam
377 2879 440 2928 bello
451 2893 522 2942 quam
532 2891 599 2940 pace,
611 2891 666 2940 erga
679 2877 784 2941 singrrlos
795 2879 873 2926 verbis
883 2887 908 2926 et
917 2880 1026 2942 operibus
1038 2888 1117 2944 agant.
1128 2879 1178 2926 sola
1189 2878 1259 2942 igitur
1270 2887 1344 2927 restra
1350 2893 1404 2943 pru-

315 2961 386 3008 iessio
396 2967 512 3024 superest,
522 2966 571 3005 turn
581 2965 663 3005 natura
675 2967 725 3006 turn
743 2957 868 3022 disciplina
880 2959 1039 3024 philosophie
1056 2961 1113 3026 [2⁰]
1131 2969 1156 3008 et
1167 2977 1243 3008 rerum
1253 2959 1405 3026 gerendarum

316 3042 395 3090 studio
405 3039 506 3104 pollens.
522 3039 626 3087 Timaeue
637 3039 732 3104 quidem
743 3040 788 3088 iste
800 3056 828 3087 ex
840 3040 928 3096 Iecris,
940 3055 994 3104 qum
1005 3042 1059 3089 urbs
1070 3043 1094 3089 in
1106 3041 1176 3090 Italis
1182 3039 1308 3104 justissime
1319 3043 1405 3104 guber·

315 3131 393 3178 natur,
410 3121 534 3170 nobilitate
555 3129 581 3167 et
601 3121 687 3185 opibus
708 3122 922 3186 praestantissimus,
944 3121 1041 3170 summis
1062 3123 1406 3187 magistrstihusethonoribus

314 3204 408 3252 iunctus
419 3211 463 3258 est,
482 3209 507 3250 et
518 3201 549 3249 sd
560 3217 649 3250 summa
660 3203 730 3250 totius
740 3202 894 3266 philosophie
906 3201 1008 3266 lastigie,
1020 3211 1047 3250 ut
1058 3203 1148 3267 opinor,
1159 3201 1268 3252 ascendit.
1301 3200 1404 3250 Critiam

315 3301 410 3349 quoque
421 3283 507 3333 scimus
516 3284 567 3332 haec
579 3291 677 3347 utreque
689 3295 849 3333 consecutum.
865 3283 1025 3334 Hermocratis
1036 3285 1106 3333 eriam
1115 3293 1220 3332 usturam
1228 3283 1404 3333 educationem·

314 3381 360 3430 que
371 3366 408 3413 his
419 3365 535 3420 omnibus,
554 3380 606 3427 quse
618 3363 728 3429 diximus,
744 3367 872 3415 tractandis
882 3382 933 3415 esse
950 3365 1159 3421 accommodarem,
1177 3379 1230 3415 cum
1244 3365 1323 3414 multis
1338 3365 1406 3414 testi·

314 3447 400 3496 moniis
410 3461 553 3501 moneamur,
564 3445 670 3494 dubitare
681 3462 728 3494 non
740 3447 803 3496 licet.
814 3455 957 3512 quapropter
965 3447 1100 3511 rogantibus
1109 3447 1175 3496 vobis
1182 3447 1232 3495 heri
1239 3447 1269 3496 de
1279 3463 1302 3495 re
1310 3446 1405 3510 publica

313 3527 436 3592 disputari,
447 3526 597 3575 libentissime
609 3527 683 3590 parui,
694 3544 747 3576 curu
759 3529 894 3592 cogitarem,
905 3530 969 3592 quod
981 3528 1067 3577 deiude
1078 3528 1188 3576 instituto
1196 3526 1261 3594 operi
1268 3527 1405 3592 superiores,

312 3625 326 3656 a
338 3609 431 3656 nemine
442 3607 587 3656 commodius
597 3623 667 3672 quarn
684 3626 698 3656 a
710 3609 783 3664 robis,
796 3611 865 3657 modo
882 3610 967 3666 velitis,
980 3625 1047 3674 posse
1064 3609 1163 3658 tractari.
1179 3627 1232 3659 curn
1250 3611 1312 3658 enirn
1324 3609 1405 3658 cirita·

312 3697 359 3737 tem
370 3690 400 3736 ad
412 3687 499 3736 bellum
511 3687 619 3736 idoneam
637 3689 811 3744 constitueritis,
822 3691 866 3738 soli
883 3691 986 3738 omniurn
1006 3707 1055 3748 ros,
1065 3707 1118 3754 ques
1135 3705 1186 3739 eam
1197 3693 1292 3746 decent,
1303 3691 1405 3738 vicissim

312 3769 391 3818 omnia
402 3769 516 3818 tribuetis.
532 3785 585 3817 cum
598 3771 687 3818 veroin
700 3771 864 3834 superioribus,
875 3787 927 3834 quse
939 3771 995 3820 inihi
1006 3771 1112 3836 injuncta
1128 3771 1227 3828 fuerant,
1239 3772 1404 3836 perfecissem:

313 3867 366 3914 quse
378 3852 447 3898 modo
458 3850 535 3908 retuli,
546 3851 612 3900 vobis
623 3853 743 3901 tractanda
756 3852 870 3908 commisi,
890 3869 930 3900 ros
947 3861 1024 3902 autem
1042 3853 1159 3902 communi
1176 3869 1291 3902 consensu
1304 3853 1406 3916 impera·

310 3939 359 3978 turn
371 3947 454 3978 munus
465 3940 545 3979 mutuo
557 3933 613 3979 mihi
625 3933 722 3996 parandi
732 3949 796 3981 nunc
806 3949 938 3980 sermonum
947 3933 1049 3982 convivii
1057 3934 1184 3998 recepistis.
1192 3951 1237 3997 ego
1246 3933 1315 3998 igitur
1322 3935 1406 3982 adsum

311 4013 342 4060 ad
355 4011 477 4076 promissas
486 4013 568 4076 epulas
580 4015 746 4078 paratissimus.
780 4014 850 4064 Hae.
867 4013 919 4062 Nos
930 4031 1025 4078 quoque
1036 4031 1152 4071 omnes,o
1170 4015 1286 4072 Socrates,
1299 4024 1325 4062 ut
1337 4015 1409 4080 polli-

308 4091 370 4140 citus
380 4099 417 4139 est
427 4094 497 4140 modo
507 4093 617 4152 Timaeus,
628 4097 692 4158 quod
705 4095 785 4160 jubes,
798 4111 839 4159 pro
851 4096 936 4144 risibus
947 4113 1114 4160 exsequemur:
1133 4097 1258 4160 presertim
1275 4111 1330 4144 curn
1342 4095 1409 4144 uuila

309 4174 437 4221 excusandi
448 4174 479 4221 sit
488 4175 556 4232 rstio,
574 4191 621 4237 quo
633 4176 709 4224 minus
725 4177 750 4225 id
763 4177 838 4226 iacere
850 4177 984 4226 debeamus.
996 4193 1049 4224 narn
1062 4179 1178 4242 praeterito
1189 4177 1237 4232 die,
1249 4193 1313 4239 cum,
1323 4177 1408 4242 dispa-

307 4253 399 4302 ratione
409 4263 512 4318 peracte,
523 4272 576 4302 mos
588 4257 617 4303 ad
630 4257 767 4320 hospitium,
778 4275 826 4322 quo
837 4260 900 4323 apud
913 4257 1008 4308 Critiam
1017 4259 1118 4322 suscepti
1130 4275 1218 4314 sumus,
1229 4258 1366 4314 rediremus,
1383 4267 1410 4306 et

309 4333 484 4383 intereundum
501 4336 575 4400 primo
594 4345 618 4384 ct
635 4337 699 4386 dorni
718 4355 793 4388 rursus
812 4341 842 4389 de
859 4341 895 4389 iris
910 4342 978 4388 rebus
997 4341 1066 4388 rerba
1084 4341 1190 4388 lecimus.
1207 4341 1244 4388 hic
1255 4339 1412 4404 igiturnolsis

312 4424 412 4464 veterem
424 4418 523 4464 narrarit
534 4416 650 4464 lristoriem
663 4435 669 4463 ι
687 4435 755 4484 quam
769 4422 846 4478 velim,
858 4437 872 4468 o
884 4419 968 4482 Osiris,
980 4421 1069 4469 Socrati
1081 4423 1151 4470 rrrodo
1163 4437 1293 4484 recenseas,
1303 4427 1339 4478 ut,
1351 4437 1410 4470 cuus

312 4498 437 4562 audiverit,
444 4497 545 4561 judicet,
557 4499 663 4562 nunquid
675 4503 704 4548 ad
717 4519 767 4550 eam
778 4519 837 4561 reru,
848 4519 917 4568 quarn
929 4519 972 4552 nos
983 4503 1078 4568 exsequi
1091 4503 1173 4566 jussit,
1182 4503 1315 4550 conducere
1327 4501 1411 4550 videa-

310 4589 354 4627 tur.
388 4579 448 4627 Cur.
467 4577 609 4628 Faciundum
621 4589 665 4646 est,
676 4581 739 4632 siita
749 4584 838 4633 Timeo
856 4601 950 4650 quoquc
962 4585 1062 4649 ridetur,
1076 4586 1142 4634 lertio
1153 4583 1320 4650 disputationis
1331 4582 1409 4645 hujus
