3110 5320
288 469 349 526 tlt
744 457 942 520 Pnnronrs
1311 465 1386 544 [579

293 621 382 676 omnin,
392 629 517 682 ceteroque
536 613 625 678 generis
644 613 760 676 ejusdem,
777 611 895 662 ciritetenr
914 613 1061 678 tyrannicum
1082 615 1203 664 tivitetum
1215 618 1319 666 omnium
1336 633 1389 666 erre

292 701 443 752 ruieerrimem
458 697 579 762 judicanti.
612 693 756 743 Gueudn
774 707 821 740 non
839 693 919 740 recle?
953 693 995 742 So.
1013 693 1175 758 summopere.
1191 713 1269 746 rerum
1288 699 1319 746 de
1336 700 1386 748 riro

292 795 370 834 rureur
381 782 504 848 tyrenuico
516 779 574 842 quid
585 777 628 831 eie,
640 775 749 840 quotient
759 775 842 822 eedem
851 775 901 822 lrec
912 774 1095 824 enlrnndvertir?
1119 776 1206 826 Gneo.
1223 777 1306 842 Longe
1315 795 1389 830 cunc·

292 875 367 915 tornnr
379 865 433 912 dico
444 864 507 910 hunc
517 875 567 908 etro
579 856 738 904 mirerrimnm.
760 855 804 902 So.
821 853 875 902 Hoc
887 870 934 902 non
946 863 1009 904 recte
1020 855 1089 904 dicit.
1106 855 1192 906 Gceu.
1209 858 1386 915 Quernobrenrl

291 947 334 995 So.
351 944 464 993 Nondum
476 940 568 998 bicen,
580 946 605 985 ut
616 937 721 992 erbitror,
731 937 785 984 telle
796 935 904 984 meritur.
938 935 1025 984 Genu.
1043 936 1104 993 Quin
1114 939 1186 1002 ergo?
1220 939 1265 988 So.
1282 939 1331 988 lete
1338 941 1388 988 lor·

291 1029 351 1076 eitun
363 1025 405 1073 tibi
421 1025 465 1072 hoc
477 1021 580 1070 miserior
597 1035 648 1068 eree
664 1018 790 1066 ridebitur.
825 1017 912 1066 Genu.
930 1017 990 1073 Quin
1004 1017 1118 1080 inqueml
1151 1018 1193 1068 So,
1211 1019 1258 1076 Qui
1276 1036 1384 1070 curnue·

290 1117 341 1156 ture
352 1103 488 1168 tyrennicur
504 1102 543 1156 rit,
560 1101 630 1148 ritem
651 1114 698 1146 nnn
715 1098 764 1162 egit
782 1097 902 1160 privemur,
918 1099 960 1146 red
976 1106 1011 1146 eet
1028 1097 1118 1162 inlellr,
1134 1107 1159 1148 et
1169 1107 1231 1150 rorte
1242 1102 1343 1162 quedem
1355 1119 1386 1152 eo

289 1187 421 1238 deducitur,
431 1192 459 1230 ut
470 1181 595 1246 tyrannide
607 1181 717 1244 potietur.
751 1179 837 1227 Genu.
856 1177 890 1226 Ex
906 1179 951 1236 ltin,
970 1195 1024 1242 que
1043 1178 1108 1228 dicte
1124 1189 1187 1237 runt,
1207 1197 1260 1230 rere
1276 1191 1300 1230 te
1318 1183 1384 1246 loqui

288 1267 406 1330 conjecto.
439 1265 481 1312 So.
501 1255 537 1310 Itu
545 1269 589 1310 eet.
621 1260 708 1308 Verum
720 1275 766 1308 non
780 1259 835 1306 telle
845 1259 953 1322 quedem
964 1259 1055 1324 opineri
1067 1269 1170 1324 oportet,
1180 1261 1251 1308 immo
1262 1277 1316 1309 eero
1327 1262 1383 1310 dili-

288 1347 422 1412 gentlrelme
433 1345 474 1392 teli
485 1342 574 1390 ratione
585 1340 731 1403 inreetignre.
748 1341 781 1388 de'
796 1339 897 1388 merium
914 1341 977 1387 enim
988 1341 1091 1404 quodem
1103 1341 1170 1390 nobie
1181 1341 1321 1406 dicceptetio
1338 1351 1385 1399 eet,

288 1431 349 1478 boue
368 1427 460 1476 reilicet
477 1424 524 1470 vite
541 1438 569 1470 nc
588 1422 655 1470 mele.
689 1420 775 1470 Gceu.
793 1421 866 1470 Scite.
898 1421 940 1470 So.
958 1421 1064 1470 Attende
1083 1421 1200 1486 iteqne,ui
1218 1423 1275 1487 quid
1294 1424 1383 1472 dicem.

288 1507 450 1558 videtureuim
463 1504 557 1552 millio:
569 1502 645 1550 binde
657 1501 977 1552 hocerreconeiderendorn.
1011 1501 1257 1566 Gr.nu.E1quibur?
1290 1504 1332 1552 So.
1344 1504 1380 1552 Er

287 1603 431 1651 unoquoque
442 1585 531 1634 scilicet
542 1583 692 1646 privatorum,
702 1591 855 1646 quotcunque
873 1583 905 1629 ite
916 1582 1004 1630 divitiis
1015 1567 1146 1646 ebundnnt,
1158 1593 1184 1632 ut
1196 1585 1268 1632 rnoltn
1278 1585 1381 1632 hebeent

287 1666 463 1731 mencipie.irti
474 1679 574 1727 nemque
591 1663 616 1710 id
637 1663 743 1728 tyrannis
761 1664 847 1711 hebent
858 1663 942 1719 simile.
953 1666 1018 1727 quod
1039 1664 1117 1712 rnnltir
1136 1665 1269 1728 imperent:
1286 1664 1385 1712 intereet

286 1757 373 1803 entem,
384 1747 447 1811 quod
466 1755 578 1809 tyrennue
598 1743 702 1806 pluribue
718 1744 860 1792 dominatur.
895 1743 982 1792 Gceu.
1000 1744 1102 1792 Intereet
1118 1746 1207 1808 utique.
1240 1745 1283 1794 So.
1302 1744 1383 1806 Nunti,

285 1831 349 1895 quod
368 1828 407 1876 inti
426 1826 500 1876 securi
516 1841 569 1874 cum
586 1823 675 1872 lernilie
692 1824 782 1880 rirunt,
800 1839 877 1888 neque
897 1825 996 1872 lemulor
1015 1827 1137 1874 metuunt?
1172 1825 1258 1874 Gunu.
1276 1824 1381 1890 Nempe.

285 1909 416 1975 quidrnim
429 1906 552 1954 metuent?
585 1905 627 1954 So.
645 1903 720 1952 Niltil.
736 1905 777 1952 red
799 1903 905 1968 nunquid
918 1919 1012 1953 eruum
1030 1907 1113 1954 tener?
1148 1907 1234 1956 Gneo.
1251 1905 1379 1969 Equidem.

284 1991 395 2055 quonium
416 1987 525 2036 videlicut
542 1986 624 2034 civiter
645 1985 752 2033 universe
772 1984 870 2049 cingulis
887 1986 1028 2048 privetorum
1051 1987 1172 2036 cuccurrit.
1205 1987 1246 2036 So.
1263 1986 1381 2034 Prnclere

283 2069 393 2134 loqueris.
426 2067 491 2125 Quid
501 2067 519 2113 ei
531 2065 585 2129 quie
597 2065 702 2112 Deorum
715 2065 788 2112 virum
799 2081 882 2122 unum,
894 2066 932 2114 cui
949 2066 1119 2130 qninquaginte
1134 2067 1170 2114 vel
1183 2067 1248 2130 plure
1259 2065 1379 2128 mencipie

282 2151 339 2206 rint.
349 2151 459 2198 edocete
476 2147 571 2196 ciritetc
583 2162 628 2194 une
639 2161 692 2194 curu
705 2161 776 2192 urorc
794 2161 822 2193 ec
842 2146 928 2202 liberie,
945 2146 1118 2209 conutituetque
1136 2147 1159 2192 in
1175 2145 1301 2194 solitudine
1317 2162 1375 2194 eum

282 2231 350 2280 rebue
360 2228 408 2276 ruir
418 2227 526 2276 omnibus
536 2235 607 2289 etque
625 2223 757 2288 mancipio,
770 2225 810 2272 ubi
821 2225 944 2274 liberorum
955 2226 1072 2272 hominum
1084 2225 1162 2272 nullut
1173 2226 1296 2274 tenetote
1307 2227 1378 2274 euri·

281 2310 337 2358 lium
348 2311 431 2373 potnit,
441 2306 505 2370 qneli
516 2321 569 2354 curn
580 2312 605 2354 et
615 2313 703 2368 quante
715 2305 839 2354 tormidine
851 2315 958 2354 neretum
969 2305 997 2352 iri
1007 2305 1132 2360 erirtirnee,
1143 2322 1174 2354 ne
1185 2305 1244 2354 lorte
1255 2307 1378 2370 mencipie

281 2390 359 2456 iprum
370 2397 395 2438 et
405 2388 465 2436 filice
477 2393 502 2434 et
514 2401 606 2432 uxorem
619 2385 769 2432 interiment?
804 2383 890 2434 Genu.
907 2385 1011 2442 Summe,
1022 2393 1049 2432 ut
1059 2386 1165 2434 erbitror.
1184 2384 1257 2450 [679]
1275 2387 1318 2436 So.
1336 2386 1380 2434 An

281 2485 330 2518 non
340 2477 437 2531 cogetur
448 2467 519 2515 terrie
528 2466 667 2528 quibuedem
679 2465 789 2526 blendiri,
799 2465 953 2530 pollicerique
964 2467 1046 2522 multe.
1057 2474 1082 2514 et
1090 2467 1262 2522 menumittere.
1271 2482 1324 2516 cunr
1332 2468 1379 2516 eibi

280 2547 339 2598 nihil
358 2563 418 2610 opur
436 2545 485 2594 eit?
503 2546 566 2594 unde
584 2553 609 2593 et
624 2546 655 2592 ed
674 2545 790 2594 minirtroe
808 2563 863 2594 eune
881 2546 933 2610 ipre
951 2547 1059 2594 edoletor
1080 2547 1132 2596 erit.
1165 2547 1254 2597 Genu.
1271 2547 1378 2614 cogetur

281 2629 376 2694 penitur
386 2627 423 2675 rel
435 2627 468 2674 ite
479 2627 555 2675 iecere
573 2627 609 2674 vel
623 2627 705 2691 perire.
739 2628 782 2677 So.
799 2627 865 2684 Quid
879 2629 898 2676 ri
909 2627 968 2676 elios
977 2629 1056 2676 edhuc
1068 2629 1127 2678 dene
1137 2629 1225 2678 circulo
1235 2630 1379 2694 disposuerit

280 2710 397 2775 proximor
407 2707 442 2756 illi
450 2708 676 2772 complantemur
689 2725 837 2773 nequequern
855 2709 994 2774 ruetineeut,
1005 2717 1032 2758 ut
1043 2710 1102 2758 elter
1111 2709 1179 2758 elteri
1190 2709 1331 2772 dominetur,
1346 2727 1377 2760 ec

280 2792 299 2839 ei
309 2805 379 2854 quem
390 2788 587 2852 deprehenderint
598 2790 642 2838 ribi
658 2790 789 2838 dominium
807 2789 981 2852 vendicentem,
992 2790 1114 2854 euppliciir
1130 2791 1239 2840 extremis
1254 2791 1376 2840 efficient?

280 2871 368 2920 Gneo.
383 2868 529 2918 Deteriorem
547 2870 674 2918 edmodnm
692 2870 744 2934 rjus
760 2869 920 2918 conditionem
938 2871 987 2918 lore
1002 2869 1128 2927 contemni
1146 2872 1246 2920 hortium
1258 2873 1319 2922 vello
1330 2873 1376 2922 cir·

279 2951 449 3002 concludetur.
483 2951 525 2998 So.
543 2949 583 2998 An
594 2965 641 2998 non
660 2951 701 2998 ott
717 2951 820 3015 quodenr
832 2965 924 3000 curor-’e
935 2951 1074 3000 cleurureet
1084 2959 1207 3016 tyrennur,
1223 2959 1304 3000 netore
1320 2953 1377 3002 telle

279 3033 403 3087 cautent,
413 3031 505 3094 quelern
517 3031 541 3078 in
552 3030 710 3094 superioribue
721 3030 900 3094 explicuimus,
911 3032 990 3080 nutri·
1007 3031 1118 3080 videlicet
1129 3032 1270 3096 direruieque
1282 3034 1371 3081 timori·

280 3111 322 3160 bue
333 3120 358 3160 et
367 3109 484 3160 umoribus
495 3111 625 3173 egitetunr?
660 3111 720 3162 Cum
731 3129 785 3160 vero
798 3111 893 3178 ingenio
903 3112 934 3160 nit
943 3112 1049 3175 epprinre
1059 3113 1157 3176 cupido,
1169 3113 1223 3161 lnuic
1233 3113 1275 3164 nott
1292 3129 1372 3178 neque

278 3193 358 3256 egredi
370 3207 468 3256 nequem
480 3191 544 3248 licet,
564 3209 641 3256 neque
657 3192 783 3256 inepicere,
800 3201 860 3256 qnot
876 3192 943 3241 liberi
960 3191 1001 3240 elii
1018 3193 1132 3256 cupiunt:
1152 3195 1192 3242 ecd
1209 3193 1269 3242 intre
1283 3195 1372 3242 udiuue

280 3273 379 3336 purietee
389 3271 561 3328 formidolorur,
574 3273 647 3320 reluti
659 3271 750 3328 mulier.
762 3281 925 3327 commoretur.
937 3273 1044 3321 inridens
1054 3274 1146 3322 civibue
1153 3273 1213 3330 elliu,
1220 3276 1240 3322 ei
1246 3276 1300 3336 quie
1307 3285 1375 3324 extre

278 3355 365 3404 menie
383 3353 497 3417 rpetietur
513 3361 538 3400 et
558 3353 615 3402 boni
633 3354 758 3417 quicquum
776 3361 877 3418 spectet.
911 3353 998 3402 Genu.
1014 3355 1054 3402 Sic
1073 3370 1174 3418 pmreur.
1206 3355 1248 3404 so.
1266 3357 1304 3403 An
1322 3371 1373 3404 non

277 3435 440 3500 hujuecernodi
457 3433 523 3480 nrelle
540 3433 608 3497 plure
627 3434 722 3498 insuper
739 3435 837 3483 incurrit
856 3435 889 3482 vir
906 3435 954 3492 ille,
966 3435 1008 3498 qui
1025 3436 1085 3482 mele
1101 3451 1126 3483 ee
1142 3435 1219 3499 iprum
1230 3437 1373 3498 gubernem,

277 3533 346 3582 quem
358 3523 419 3564 etto
430 3515 501 3562 modo
521 3514 672 3564 ntirerrirnurn
679 3514 806 3576 judicebus
823 3514 982 3579 tyrannicum.
994 3515 1174 3579 lreodqueqoenr
1192 3517 1293 3579 privetur
1304 3517 1374 3580 vivit,

277 3599 318 3648 red
330 3598 429 3645 iortunre
440 3595 462 3642 ni
473 3595 585 3657 quedem,
597 3602 623 3641 ut
639 3596 787 3658 tyrannidem
804 3603 920 3650 exercent,
936 3595 1044 3659 cogitur:
1062 3612 1163 3660 cumque
1180 3597 1222 3644 eibi
1239 3596 1283 3660 ipri
1295 3597 1374 3660 impe-

276 3695 326 3729 rere
338 3693 385 3726 non
397 3676 479 3740 poerit,
489 3675 541 3723 eliis
552 3677 664 3738 inrperere
674 3677 815 3724 contendit?
828 3677 924 3740 perinde
932 3691 960 3724 ec
969 3676 989 3724 ri
997 3677 1171 3740 quiuirnbecillo
1181 3693 1276 3742 corpore
1287 3686 1313 3726 et
1321 3679 1374 3727 euie

278 3776 303 3808 ee
315 3758 399 3805 viribur
410 3771 457 3803 non
470 3756 608 3811 eurtinente,
620 3765 725 3820 cogetur,
737 3765 762 3804 ut
773 3757 876 3820 quietern
887 3767 942 3820 eget
951 3774 1029 3806 return
1041 3758 1092 3821 ipre
1100 3773 1229 3824 nunquntn,
1238 3761 1279 3808 eed
1288 3761 1375 3810 edver-

277 3855 317 3888 eur
334 3837 379 3884 elie
397 3851 495 3898 corpore
512 3844 585 3884 certet
603 3851 631 3884 nc
647 3845 746 3901 pugnet.
780 3837 866 3886 Gunu.
883 3837 1005 3886 Similliroe
1021 3839 1123 3900 inducit,
1140 3855 1155 3886 o
1172 3841 1288 3896 Socreten
1299 3835 1375 3905 etque

277 3915 403 3967 verireiue.
425 3915 468 3962 So·
485 3914 570 3963 Nonne
581 3916 658 3980 igitur,
670 3933 685 3965 o
696 3919 771 3966 ernice
782 3919 884 3974 Gleuco.
895 3919 1030 3968 miserebilir
1040 3919 1136 3967 omuino
1147 3921 1198 3968 hoec
1209 3927 1246 3967 eet
1254 3921 1377 3981 conditio.

275 3998 401 4058 duriorque
413 3993 460 4040 rite
470 4001 505 4042 ert
513 3995 614 4044 hominio
625 3999 687 4046 necti
698 4000 846 4064 tyrennidenr
862 4015 890 4048 ee
901 4001 958 4055 rite,
968 4015 1038 4063 quem
1058 4007 1084 4046 to
1096 4015 1166 4062 eupre
1176 3999 1323 4048 doriuslrnem
1330 4002 1377 4066 jn.

277 4074 391 4128 dicebne?
418 4071 503 4121 Grau.
521 4073 606 4123 Velde.
630 4077 674 4124 So.
691 4077 734 4125 Ert
745 4080 928 4143 eutemrelpee.
939 4079 1045 4144 qoemrir
1056 4079 1126 4128 elicui
1136 4080 1308 4138 nonrideatur‚
1318 4098 1375 4131 rere

277 4237 386 4287 rimorum
398 4230 517 4280 hominurn
528 4232 651 4282 eduletor:
669 4237 711 4301 qui
721 4239 841 4302 oppetitur
852 4241 906 4288 tuoe
916 4241 995 4304 explet
1004 4254 1133 4304 nunqnam,
1142 4239 1183 4288 red
1194 4239 1299 4302 plurimie
1307 4241 1371 4289 indi-

277 4324 317 4384 get
327 4309 427 4376 temper·
437 4319 508 4374 lique
519 4311 589 4374 inope
598 4329 677 4364 terere
688 4332 738 4366 eree
754 4327 862 4384 epperet,
872 4319 891 4368 ei
903 4321 956 4383 quir
969 4319 1098 4384 penetrelie
1108 4319 1180 4368 enimi
1192 4319 1266 4383 ipeiur
1276 4321 1376 4386 inopen-

275 4398 336 4448 erit:
354 4405 441 4458 penore
452 4390 509 4454 quin
520 4391 590 4440 etiem
601 4403 716 4458 perpetuo
733 4398 834 4456 territur,
845 4407 869 4448 et
884 4399 1046 4449 ¹sollicitudine
1062 4399 1218 4465 eupuetieque
1229 4409 1337 4466 vexetur,
1355 4405 1379 4453 ei

275 4477 346 4526 nodo
356 4471 459 4524 ciritetir
470 4469 522 4533 ejus
532 4475 612 4533 nutui,
623 4476 661 4526 cui
673 4485 764 4540 preat,
774 4477 826 4543 ipre
834 4487 870 4530 eet
877 4479 967 4540 tinnilip,
976 4480 1058 4530 rimilie
1068 4489 1146 4531 eutero
1155 4479 1253 4546 euterio
1264 4497 1356 4532 ennon
1367 4486 1378 4534 ἒ
