3208 5308
325 531 364 590 86
780 525 977 584 Pnnronrs
1346 531 1420 609 [cco

323 691 348 731 et
358 697 406 730 uns
416 696 470 730 cunr
481 680 531 727 istis
542 677 669 742 juvenibus
681 679 727 726 hue
738 677 767 724 ad
779 693 822 724 nos
833 678 895 735 reni,
907 687 1017 741 tanquam
1030 677 1059 724 ad
1071 676 1159 726 amicos
1170 679 1275 742 spprinre
1288 679 1422 730 familiares.

321 763 398 827 atqui,
408 763 504 825 inquam
514 775 569 823 ego,
579 775 593 806 o
604 757 720 822 cephale,
731 757 798 804 raldc
809 757 904 820 quidem
916 758 1019 806 delector
1029 757 1141 806 senilibus
1155 761 1310 808 sermonibus.
1327 762 1419 810 videtur

322 844 384 892 enim
397 842 452 890 mihi
463 841 544 890 audire
559 841 589 886 ab
600 839 636 886 hia
646 845 763 902 oportere,
773 838 814 902 qui
831 838 891 885 riam
908 837 1008 902 aliquam
1022 837 1073 901 jam
1084 839 1234 902 perfecerint,
1244 856 1297 904 qum
1309 849 1334 889 et
1350 841 1419 889 nobis

322 925 418 972 fortasse
429 920 561 986 peragenda
572 919 625 977 erit,
635 933 704 982 quarn
716 933 797 982 aspera
808 927 832 966 et
842 917 944 966 difficilis
956 919 991 966 vel
1003 935 1072 982 qnam
1084 919 1159 968 facilis
1170 920 1200 968 sit
1211 929 1235 969 et
1247 921 1333 984 pervia.
1344 931 1416 986 atquc

265 1017 268 1028 ·
321 1019 351 1052 ex
363 1011 386 1051 te
397 1004 496 1052 libenter
506 999 619 1056 audirem,
629 998 742 1062 quidnam
754 1000 784 1046 de
795 999 839 1047 huc
851 1014 874 1046 re
886 999 980 1054 sentias,
993 1013 1045 1046 eum
1056 1000 1103 1048 huc
1114 1001 1189 1048 aetatis
1201 1001 1341 1064 perveneris,
1351 1002 1416 1065 quod

321 1085 345 1132 in
357 1084 438 1132 limine
449 1080 574 1130 senectutis
588 1093 638 1127 esse
651 1078 733 1142 'pc‘e'trc
744 1079 819 1142 aiunt,
830 1087 905 1126 utrum
916 1077 1078 1128 difficultatem
1089 1079 1152 1142 vitre,
1162 1081 1198 1128 rel
1208 1081 1329 1144 quosuudo
1340 1083 1418 1146 ipsum

320 1164 438 1214 enunties.
470 1162 522 1225 Ego
537 1160 579 1208 tibi
592 1175 633 1224 per
649 1158 743 1220 Jorem,
753 1158 840 1222 inquit,
850 1157 962 1221 dicarn,c
980 1159 1095 1215 Socrates,
1109 1157 1183 1224 [³29]
1203 1161 1267 1225 quod
1285 1161 1341 1208 mihi
1352 1163 1416 1211 vidc-

320 1253 366 1300 tur,
376 1259 439 1307 arepe
449 1241 601 1291 convenimus
610 1238 715 1304 plerique
724 1239 795 1288 ferme
805 1239 915 1303 equales,
927 1239 1049 1303 antiquum
1061 1239 1119 1287 illud
1130 1249 1247 1289 servantes
1259 1242 1415 1305 proverbium.

319 1324 414 1390 plurimi
430 1338 486 1388 ergo
503 1329 606 1370 nostrum
624 1321 649 1368 in
669 1335 698 1368 ec
717 1327 780 1368 cortu
798 1319 962 1382 lamentantur,
979 1319 1135 1384 voluptatum,
1146 1321 1231 1384 quibus
1251 1323 1274 1369 in
1289 1321 1416 1385 juventute

318 1405 364 1453 frui
375 1404 449 1460 licuit,
460 1401 575 1450 desiderio
586 1401 673 1459 allecti,
685 1409 709 1448 et
720 1416 768 1449 rern
780 1415 900 1448 veneream
911 1407 935 1448 et
945 1397 1054 1448 convivia
1065 1408 1189 1466 ceteraque
1207 1402 1297 1466 generis
1308 1403 1414 1466 ejusdem

319 1484 444 1546 recordati,
456 1482 601 1546 graviterque
616 1481 706 1544 ferunt,
723 1488 832 1544 tanquam
851 1479 958 1528 masinris
978 1480 1060 1544 priuati
1072 1481 1157 1530 rebus:
1174 1490 1199 1530 et
1209 1489 1265 1530 tune
1275 1483 1371 1546 quidem
1387 1501 1414 1532 sc

319 1567 380 1612 hene
390 1564 473 1610 vixisse
484 1561 606 1616 affirmant,
617 1575 680 1609 nunc
691 1568 768 1608 autem
780 1576 810 1607 ne
821 1561 897 1608 vivere
909 1561 1015 1624 quidem.
1033 1561 1140 1610 nonnulli
1151 1563 1220 1610 etiarn
1232 1563 1412 1612 domesticorum

319 1644 424 1692 ecnricia
434 1641 634 1704 contumeliaeque
645 1640 778 1703 deplorant,
786 1647 810 1687 et
820 1640 843 1686 in
854 1641 899 1688 hoe
910 1647 1055 1688 senectutem
1066 1640 1165 1690 maxime
1174 1651 1295 1706 accusant,
1302 1651 1412 1708 tauquam

318 1725 469 1774 maximorum
479 1722 522 1770 sibi
533 1735 626 1770 causam
641 1719 761 1768 melorum.
776 1721 832 1768 rnihi
843 1737 896 1768 vere
913 1720 1047 1784 hujusmodi
1058 1722 1162 1770 homines
1172 1723 1235 1770 haud
1243 1722 1297 1786 jure
1307 1734 1413 1777 senatu·

320 1814 367 1854 tem
379 1812 406 1852 ut
414 1805 496 1852 horum
507 1817 600 1850 causam
611 1801 706 1864 culpare
716 1801 831 1850 videntur.
842 1817 896 1849 nam
907 1802 925 1848 si
936 1803 987 1850 hcc
997 1795 1146 1862 canaescet,
1157 1811 1182 1852 et
1191 1818 1236 1867 ego
1246 1805 1329 1853 eadem
1339 1819 1413 1853 essent

319 1899 401 1949 passus
411 1892 435 1932 et
444 1883 528 1947 reliqui
537 1897 628 1944 omnes,
637 1882 679 1946 qui
690 1883 719 1930 ad
736 1882 761 1929 id
779 1883 855 1930 rotatis
864 1884 1017 1934 devenerunt.
1035 1899 1113 1932 aerum
1132 1899 1177 1948 ego
1188 1885 1259 1932 etiam
1270 1885 1355 1934 multos
1365 1899 1413 1934 non

317 1967 352 2014 itu
361 1965 459 2014 affectos
468 1963 556 2018 inveni.
573 1972 599 2010 et
615 1978 670 2012 cuns
687 1960 806 2025 Sophocle
824 1978 992 2026 nonnunquam
1004 1963 1038 2010 fui
1055 1963 1144 2028 poeta:
1162 1965 1266 2028 quicum
1276 1981 1290 2012 s
1300 1967 1415 2032 quodam,

318 2061 421 2111 quonam
435 2052 505 2109 pacto
515 2043 540 2092 in
552 2043 655 2092 venereis
665 2059 690 2092 se
707 2043 811 2100 haberet,
821 2043 1008 2108 interrogaretur,
1017 2051 1082 2092 etan
1094 2053 1173 2108 posset
1184 2045 1317 2094 mulieribus
1326 2047 1412 2095 sdnris·

318 2125 376 2184 ceri,
385 2127 424 2175 cui
442 2126 482 2174 ille
500 2132 563 2174 recte
574 2124 712 2188 respondit:
730 2124 797 2172 Bona
815 2126 885 2172 verba
899 2139 980 2189 queso
996 2140 1012 2172 o
1029 2125 1112 2174 amice.
1129 2125 1279 2174 libentissime
1289 2127 1350 2189 hec,
1360 2135 1413 2174 tan·

318 2223 388 2272 quarn
400 2207 510 2255 furiosum
522 2213 682 2270 agrestemque
698 2205 828 2262 dominum,
838 2205 927 2269 aufugi.
960 2205 1068 2254 Pcrbeiie
1077 2206 1149 2270 ipitur
1159 2215 1184 2255 et
1198 2215 1254 2254 tnnc
1265 2207 1304 2256 ilie
1315 2223 1412 2271 respon·

317 2289 380 2338 disse
390 2287 447 2336 mihi
461 2287 522 2334 visus
532 2293 578 2348 est,
588 2293 612 2334 et
622 2301 685 2334 nunc
696 2301 744 2333 non
754 2287 840 2334 minus.
856 2287 951 2336 omnino
961 2287 1024 2336 enirn
1035 2287 1065 2335 ab
1075 2285 1208 2350 hujusmodi
1219 2289 1285 2336 rebsr
1294 2287 1320 2336 in
1330 2305 1414 2338 senec·

318 2376 369 2417 tntc
388 2368 462 2416 multa
481 2382 526 2430 pax
544 2365 606 2413 inest
621 2373 646 2413 et
663 2365 764 2416 libertas.
780 2367 875 2430 quando
892 2369 953 2417 enim
971 2368 1136 2418 deferbuerunt
1149 2368 1199 2432 jam
1216 2377 1411 2434 cessavcruutquc

317 2449 437 2505 libidines,
448 2446 544 2495 omnino
554 2447 599 2494 hcc
617 2445 776 2508 Sophocleum
792 2449 887 2500 accidit.
902 2463 956 2498 narn
965 2465 988 2500 ,a
1006 2451 1084 2498 multis
1094 2449 1204 2508 dominis,
1214 2451 1284 2498 ethis
1294 2450 1412 2500 insanien-

319 2529 389 2591 tibus,
400 2528 534 2594 liberamur,
564 2526 612 2575 Sed
630 2533 655 2574 et
673 2527 766 2588 horum,
785 2545 799 2576 c
817 2528 933 2586 Socrates.
952 2538 1072 2578 eteorum
1090 2546 1144 2595 quc
1160 2533 1271 2580 adversus
1288 2532 1411 2580 familiares

316 2611 435 2666 dicuntur,
446 2623 493 2656 uua
503 2610 610 2672 quedam
621 2623 692 2656 cansa
702 2617 746 2671 eat,
756 2625 803 2658 uon
814 2618 925 2659 senectus
934 2612 976 2660 sed
988 2627 1062 2660 morea
1072 2613 1200 2662 hominurn.
1217 2627 1270 2660 nam
1281 2613 1301 2660 si
1312 2613 1411 2662 modesti

317 2699 342 2739 ct
351 2689 433 2738 faciles
444 2689 499 2746 sint,
509 2689 572 2736 lraud
590 2687 659 2736 nimis
676 2698 784 2738 senectus
799 2690 834 2738 his
846 2691 961 2740 laboriosa
971 2693 1103 2756 contingit:
1121 2693 1158 2740 sin
1169 2701 1258 2749 contre,
1269 2701 1294 2740 et
1303 2702 1411 2742 senectus

317 2779 341 2818 ct
349 2769 471 2833 juventus,
482 2787 497 2818 o
507 2769 623 2833 Socrates,
633 2770 670 2818 his
685 2769 795 2822 difficilis.
827 2771 895 2822 Tunc
912 2789 956 2838 ego
967 2773 1064 2822 mirifice
1075 2773 1120 2830 his,
1131 2789 1184 2837 quae
1195 2774 1298 2836 dicebat,
1309 2774 1412 2824 delecta·

317 2859 364 2910 tus,
376 2850 487 2914 pluraque
497 2850 578 2898 audire
594 2851 701 2914 cupiens,
712 2849 745 2899 its
762 2867 815 2900 enm
833 2854 863 2902 ed
874 2853 964 2918 reliqua
974 2854 1097 2916 provocavi
1109 2871 1115 2900 :
1144 2854 1166 2902 0
1179 2853 1296 2919 cephale,
1305 2855 1411 2904 existimo

317 2931 423 2997 profecto
434 2931 529 2994 multos,
539 2946 592 2980 eum
609 2931 641 2978 ita
659 2932 732 2995 dieas,
743 2933 839 2982 minime
857 2935 907 2983 hacc
925 2934 1056 2989 admittere,
1067 2949 1145 2984 verum
1156 2943 1239 2998 putare
1250 2935 1318 2984 facile
1328 2951 1410 2984 aeccc-

316 3019 391 3060 tutem
406 3012 464 3060 ferre
480 3018 503 3060 te
519 3019 615 3084 propter
633 3013 727 3062 divitias
746 3015 824 3077 potins
839 3029 909 3078 quana
926 3022 1020 3078 propter
1035 3029 1117 3070 mores,
1128 3015 1248 3072 divitibus,
1259 3017 1322 3064 enim
1337 3017 1412 3066 multa

316 3092 399 3141 solatia
409 3094 492 3140 adesse
501 3092 592 3142 dicunt.
626 3094 698 3158 Vera,
709 3095 797 3158 inquit,
807 3095 873 3143 dicis.
891 3111 938 3142 non
949 3094 1011 3142 enim
1030 3094 1167 3158 admittunt,
1177 3103 1202 3144 ct
1221 3096 1303 3144 dicunt
1312 3097 1409 3160 quidem

315 3172 415 3238 aliquid,
425 3189 473 3220 non
485 3180 561 3221 tumen
572 3181 686 3238 quantum
697 3175 745 3224 diei
755 3183 842 3240 posset.
854 3191 931 3223 verunr
943 3175 1001 3224 illud
1012 3175 1175 3224 Themistoclis
1187 3177 1282 3240 pulchre
1292 3193 1318 3224 se
1329 3178 1411 3235 hahet,

315 3254 356 3316 qui
367 3253 476 3317 Seriphio
487 3254 580 3302 cuidam
592 3255 636 3304 sihi
657 3271 697 3318 per
707 3254 871 3305 contumelium
889 3257 1021 3321 objicienti,
1038 3257 1103 3321 qnod
1120 3273 1168 3306 non
1185 3265 1280 3320 propter
1296 3273 1321 3305 se
1333 3258 1410 3320 ipsum

315 3335 356 3383 sed
367 3334 419 3398 ejus
430 3334 527 3398 patrisne
544 3343 631 3385 tantmn
648 3345 710 3387 essct
727 3337 822 3400 gloriam
841 3337 913 3403 [stu]
931 3345 1081 3402 consecutur,
1091 3338 1124 3388 ita
1134 3339 1274 3403 respondit:
1292 3337 1410 3403 Equidem

314 3415 334 3462 si
353 3415 405 3479 ipse
420 3415 540 3479 Seriphius
556 3432 641 3478 essem,
659 3417 683 3464 in
700 3418 782 3466 eadem
797 3418 871 3482 gloria
888 3419 1007 3467 viserem:
1033 3427 1058 3468 tu
1077 3435 1132 3467 vero
1150 3419 1170 3468 si
1187 3418 1348 3482 Atheniensis,
1367 3419 1411 3468 mi·

313 3495 387 3544 ninre.
420 3494 487 3543 Idem
509 3511 603 3561 quoque
624 3498 734 3546 adversus
755 3515 808 3561 eos,
829 3500 870 3563 qui
891 3515 944 3548 curn
965 3515 1012 3548 ncn
1032 3500 1079 3548 sint
1096 3499 1191 3556 divites,
1209 3500 1308 3563 graviter
1327 3515 1410 3550 senec·

314 3583 387 3624 tutent
408 3575 495 3634 ferunt,
515 3577 564 3626 diei
585 3585 671 3641 potest,
698 3580 762 3641 qnod
784 3595 861 3642 neque
885 3580 920 3628 vir
939 3579 991 3644 ipae
1016 3581 1134 3628 modestus
1158 3580 1238 3644 inique
1264 3588 1409 3630 senectutem

313 3658 383 3706 ferret
393 3673 446 3708 curn
458 3666 606 3724 paupertate,
617 3675 693 3722 neque
710 3659 875 3708 immoderatus
893 3675 946 3709 cum
963 3661 1051 3709 divitiis
1068 3659 1145 3711 faciles
1178 3659 1261 3708 Utrum
1272 3667 1360 3717 autern,
1371 3661 1410 3710 in·

313 3755 383 3803 quarn
395 3755 449 3803 ego,
460 3755 488 3788 cr
499 3739 545 3796 his,
554 3755 608 3803 qnae
619 3739 700 3803 habes,
712 3739 778 3803 plura
790 3741 833 3789 tihi
849 3757 863 3788 a
881 3741 1008 3804 majoribus
1019 3741 1100 3789 relicta
1109 3749 1164 3788 sunt
1173 3755 1244 3803 quam
1255 3741 1410 3804 acquisivisti,

314 3834 344 3866 an
356 3819 455 3867 contra?
488 3818 604 3868 Nonnihil
616 3819 739 3884 acquisivi,
750 3820 834 3885 inquit,
845 3838 860 3869 o
871 3823 988 3871 Socrates.
1005 3821 1095 3870 rnedius
1110 3820 1207 3868 enimin
1220 3823 1320 3884 pecunia
1331 3822 1409 3872 exstiti

312 3899 373 3946 inter
395 3907 482 3960 putrem
504 3907 531 3947 et·
549 3915 628 3950 evum.
647 3917 704 3949 arus
726 3917 811 3966 nempe
832 3919 896 3951 nreus
916 3902 1036 3968 Cephalus
1058 3901 1195 3950 tantundem
1218 3901 1274 3958 fere,
1292 3910 1408 3966 qnantum

314 3993 377 4026 nnnc
396 3977 453 4025 nrihi
472 3987 516 4036 est,
533 3981 653 4045 accipiens
672 3999 741 4047 snpra
758 3983 783 4031 id
802 3984 900 4032 multum
919 3983 1091 4033 accumulavit:
1112 3983 1228 4046 Lysoniaa
1244 3993 1322 4032 sutem
1343 3995 1410 4048 pater

315 4057 415 4106 minores
433 4058 503 4106 etiam
522 4075 562 4110 eas
581 4077 648 4126 opes,
667 4079 736 4128 quarn
756 4079 820 4112 nunc
838 4072 902 4121 sunt,
919 4064 1006 4114 effecit.
1023 4079 1068 4128 ego
1085 4071 1163 4113 autem
1181 4073 1217 4111 sat
1234 4065 1347 4132 habeu,ai
1358 4079 1407 4114 non

314 4139 415 4189 minores
426 4137 477 4186 istis
488 4139 602 4203 relinquo,
614 4143 655 4190 sed
668 4143 812 4208 aliquantulo
829 4145 928 4209 majores
937 4161 1007 4210 quem
1017 4145 1109 4208 accepi.
1141 4144 1201 4194 ttae
1216 4161 1262 4208 ego
1272 4145 1328 4194 ideo
1338 4145 1409 4194 iuter·

312 4219 402 4284 rogavi,
411 4219 517 4282 inquam,
528 4221 638 4284 quoniam
651 4225 708 4272 nrihi
726 4227 842 4276 videbaris
857 4243 905 4275 non
924 4227 1022 4275 multum
1039 4225 1133 4275 divitias
1144 4227 1261 4276 admirari.
1278 4228 1343 4291 qnod
1354 4227 1408 4290 qui·

313 4301 366 4349 dem
379 4299 503 4364 plurimum
515 4299 532 4348 ii
544 4299 642 4359 faciunt,
653 4304 694 4366 qui
708 4321 748 4354 eas
763 4323 811 4355 non
825 4323 950 4373 peperere:
968 4308 1008 4372 qui
1019 4314 1097 4356 autem
1108 4307 1159 4356 illas
1176 4315 1323 4372 paraverunt,
1335 4307 1410 4370 duplo

314 4381 387 4444 magis
398 4396 466 4445 quern
478 4379 517 4428 alii
528 4389 616 4429 amant.
631 4387 827 4446 quemadmodum
839 4390 901 4438 enim
919 4397 944 4438 ct
960 4389 1038 4453 poiitrc
1050 4388 1160 4452 poemata
1170 4405 1213 4438 sua
1221 4397 1245 4436 ct
1257 4388 1316 4436 filios
1333 4397 1410 4452 patres

314 4464 425 4528 diligunt,
435 4461 518 4510 eodem
539 4465 609 4512 modo
628 4465 669 4528 qni
687 4469 830 4532 acquisivere
848 4471 967 4536 pecunias,
979 4471 1024 4518 illis
1040 4471 1137 4520 student
1154 4479 1264 4535 tanquam
1275 4469 1341 4533 operi
1357 4485 1410 4525 suo,

315 4561 362 4596 non
374 4546 403 4594 cd
416 4560 481 4594 usum
494 4545 711 4612 necessitatemque,
724 4557 749 4598 nt
765 4551 815 4602 alii.
832 4571 860 4603 ex
872 4569 919 4619 quo
936 4552 1038 4605 difficilis
1055 4567 1134 4603 eorum
1145 4561 1181 4601 est
1191 4551 1344 4614 familiaritas,
1355 4561 1408 4598 curn
