3160 5314
109 523 176 602 uoq
508 515 674 580 00000
697 519 849 582 Meron.
1175 523 1214 578 re

25 671 26 674 ’
111 677 188 728 ueni
220 673 443 726 Etmeritumiia
455 671 637 737 jurgabiedaru
654 671 701 720 ribi
717 673 775 722 talia
788 673 950 738 reapoudelro.
981 673 1214 740 ’1011000000οἰυή-

112 771 170 808 mur
181 754 314 823 dirpututio
323 763 415 804 uortre.
449 753 601 818 Queuduqae
616 767 683 812 roro,
694 762 807 818 tauquam
823 754 964 820 imperitiam
975 771 1051 806 merui
1063 763 1089 805 et
1097 756 1214 806 iureitiaru

112 837 240 901 00000000,
254 838 308 902 ipre
326 837 387 886 ruilri
402 835 513 892 oeuurrli,
530 835 686 899 interruptor,
703 844 780 883 utnrru
798 835 846 885 tale
861 837 974 901 quiddaru
991 838 1115 903 pulchrum
1135 839 1213 904 ipruua

112 925 159 968 tue
169 917 230 967 ruini
240 919 358 976 vidntur,
367 917 406 967 rel
423 915 456 966 rie
471 915 556 980 quoria
575 913 624 963 alio
641 915 782 979 eli-putetur.
814 915 877 966 iirr.
893 919 1022 978 Quomodo
1037 917 1063 967 id
1081 919 1152 976 air,o
1168 919 1214 968 So·

113 1000 200 1048 enter?
234 997 279 1048 80.
297 998 396 1048 Dicam.
428 997 451 1046 0
463 997 532 1046 beate
541 996 659 1059 80000000,
668 993 756 1060 iuquit,
766 995 801 1045 itu
810 999 951 1062 respondere
961 998 1019 1050 talla
1028 998 1120 1050 dorlue.
1130 1001 1213 1067 inepta

114 1079 200 1143 quippe
210 1087 276 1133 ruat,
283 1085 310 1126 et
318 1077 390 1127 iaelle
400 1075 547 1126 reielluutur.
578 1075 627 1124 Sed
637 1076 742 1133 udrerte,
752 1091 809 1125 nuru
819 1077 867 1127 tele
877 1079 991 1143 quiddam
1001 1079 1079 1145 ipruru
1090 1081 1213 1146 pulchrum

115 1165 234 1221 apparent,
245 1158 311 1223 quod
321 1171 366 1206 000
376 1171 448 1220 rupra
457 1155 586 1220 αἱμα,
597 1167 651 1205 duur
668 1169 749 1204 aurum
759 1157 900 1221 diceremus,
909 1157 995 1223 quitur
1010 1161 1099 1210 000000
1107 1169 1153 1227 ert,
1162 1177 1214 1212 erre

116 1237 234 1300 putenm
244 1253 254 1300 3
265 1245 357 1295 00000,
367 1237 455 1300 quibur
465 1235 562 1286 ruiuirue
572 1253 579 1282 r
593 1241 666 1299 etque
676 1235 723 1284 alia
733 1237 821 1296 uurulr,
831 1239 918 1303 quibua
927 1241 1006 1305 iprum
1016 1242 1104 1291 deeeur
1113 1244 1214 1309 q'urque

115 1327 193 1366 00000
202 1318 328 1382 conpetit,
337 1315 438 1381 puiolua
454 1315 516 1366 fleri.
548 1315 612 1363 Vide
630 1314 709 1379 igitur,
720 1329 776 1364 uuor
795 1319 841 1366 huc
857 1318 936 1382 iprum
952 1321 1075 1384 puldlrrurn
1089 1323 1137 1376 010,
1160 1324 1213 1390 ligo

116 1407 188 1447 auten
199 1399 247 1448 hta
256 1398 343 1463 pullu
354 1397 484 1446 concedere
494 1396 618 1446 moeri.
628 1407 683 1444 uaru
693 1396 752 1460 quid
766 1397 887 1462 objiciam,
897 1411 945 1450 000
956 1400 1061 1452 lureulu.
1090 1403 1146 1452 'Iibl
1158 1421 1214 1455 rrro

115 1479 232 1541 00000000,
241 1478 323 1542 ipauur
334 1477 458 1542 pulchrum
466 1491 519 1525 0000
534 1476 644 1524 ridetur?
660 1475 846 1536 0000000100,
858 1493 873 1526 ο
884 1479 1000 1530 80000000.
1016 1481 1059 1534 80.
1071 1481 1213 1551 caecamur,

117 1573 145 1607 ue
152 1559 177 1608 iu
186 1557 432 1624 aliquodeeipiaurur·
447 1557 510 1606 ilrr.
522 1555 661 1606 Cereuduru
669 1563 741 1606 certe.
757 1557 800 1607 80.
811 1557 875 1608 Vide
882 1557 972 1624 lteque.
983 1562 1094 1612 decorum
1105 1564 1130 1612 id
1141 1577 1213 1615 roca.

117 1655 175 1695 000.
187 1639 262 1704 [Μ]
271 1639 337 1704 qaod
347 1637 475 1688 edrenlear
485 1637 560 1686 rideri
572 1637 669 1701 pulchre
679 1638 771 1702 ringula
779 1639 846 1697 lacit,
855 1641 942 1704 quibui
952 1642 1029 1706 adert,
1040 1644 1077 1692 rel
1087 1645 1152 1708 quod
1160 1659 1213 1694 0000

116 1719 198 1777 rfidi,
205 1720 273 1768 reler
280 1720 310 1768 iir
318 1719 447 1768 neutrorul
458 1718 520 1769 iirr.
528 1718 593 1768 Milri
601 1717 697 1781 quidem
706 1719 806 1768 ridetur.
824 1719 867 1769 80.
877 1719 962 1770 Utrum
969 1724 1033 1787 quud
1040 1737 1151 1789 apparere
1159 1726 1213 1789 0οΙ-

116 1801 169 1848 clua
179 1799 245 1856 ude,
255 1801 355 1865 perinde
365 1815 394 1850 ac
409 1799 429 1848 al
440 1800 493 1864 quir
500 1800 620 1856 (10000010,
632 1799 718 1848 eruictu
729 1799 861 1864 colorisque
872 1799 963 1851 docorir
978 1812 1082 1861 ornetur,
1093 1805 1215 1868 pulchrior

116 1882 243 1944 apparenti
253 1879 344 1929 Nonne
351 1881 371 1929 ri
378 1881 489 1930 drounru
495 1894 533 1938 ea,
540 1879 702 1944 qulburiuert,
711 1878 920 1944 pulchrioraqueru
931 1883 980 1930 rint
987 1882 1062 1932 rideri
1067 1881 1147 1942 loeiut,
1153 1899 1213 1950 qur.

118 1965 183 2009 tener
189 1961 300 2012 00000000
307 1969 354 2018 eat,
362 1961 587 2025 010000ὼο00000
595 1959 658 2009 cirea
666 1960 788 2024 pulchrum
795 1959 977 2010 decorumeeuet
985 1977 993 2024 3
1002 1975 1080 2026 00000
1088 1973 1150 2013 caret
1158 1967 1212 2023 lrdc,

119 2043 181 2104 quud
190 2042 325 2106 qunn'ruur,
333 2041 425 2106 ilippia
434 2041 444 2088 l
454 2039 518 2089 Illud
529 2040 619 2104 quippe
631 2040 789 2104 qourlriruur,
801 2055 849 2106 quo
860 2055 895 2090 rer
906 2055 986 2090 oruner
998 2043 1101 2106 pulchre
1110 2044 1214 2107 pulclrrre

119 2130 184 2169 ruet:
193 2124 392 2186 quenadmodum
400 2119 479 2170 000010
486 2135 672 2186 0000000000ιο
679 2130 835 2186 maguntini.
844 2123 1212 2188 hueeulrooruuiauraguaruutr

118 2207 186 2265 rique
195 2203 289 2252 etinurri
298 2215 347 2250 000
357 2202 492 2264 rideantur,
502 2203 618 2250 eruedeet
634 2207 722 2266 tanreu,
733 2217 819 2266 magua
829 2217 881 2252 0000
891 2215 987 2252 0000000
996 2211 1042 2252 eet.
1074 2203 1114 2252 sic
1124 2211 1149 2252 ct
1160 2205 1214 2268 pul·

114 2283 193 2332 citrum
204 2283 363 2348 quaeeirlruur,
373 2297 422 2346 quo
438 2283 537 2346 pulchre
547 2289 603 2330 runt
618 2283 707 2340 omnia,
718 2282 767 2331 aire
783 2291 914 2346 appareant
930 2283 979 2332 elre
995 2297 1053 2341 uou,
1065 2283 1122 2348 quid
1133 2285 1213 2332 erecti

115 2361 381 2426 mquidem
388 2369 437 2412 eet:
446 2362 579 2426 pulchriora
585 2361 657 2418 eninr,
663 2375 732 2426 quarn
739 2363 873 2420 riut,riderl
880 2361 974 2421 tectulo
981 2371 1095 2428 quantum
1102 2365 1214 2415 doeoruru

114 2449 163 2500 eat,
170 2441 358 2505 utipeeaielrar:
368 2443 447 2508 qualia
455 2455 512 2491 reru
519 2449 582 2500 ruat,
595 2442 670 2490 rideri
679 2457 727 2490 uuu
734 2442 799 2492 riult.
816 2443 888 2500 Quod
897 2451 975 2492 autern
985 2443 1214 2508 pulchraerreiaeit,

113 2523 320 2586 quemadmodum
327 2523 393 2587 paulo
399 2531 456 2573 aute
464 2524 581 2582 dicebare,
588 2523 638 2572 eire
644 2531 773 2588 appareurit
781 2524 829 2572 elre
839 2537 895 2581 000,
904 2521 961 2588 quid
970 2532 1009 2572 ert
1019 2523 1155 2578 dicendum.
1167 2527 1213 2576 hoo

25 2639 26 2648 ,
114 2619 206 2668 000000
217 2605 335 2667 queritur,
346 2604 365 2653 ei
375 2605 445 2653 uodo
455 2603 579 2668 pulchrum
590 2603 711 2667 quaeritur.
731 2601 799 2666 lire.
818 2603 893 2667 Atqui
904 2604 1023 2661 docorum,
1036 2621 1051 2654 0
1061 2603 1177 2664 80000000,
1189 2613 1215 2655 et

116 2699 166 2732 0000
176 2691 203 2733 et
213 2697 327 2748 00000000
337 2685 441 2749 pulchra,
449 2701 504 2735 curu
514 2685 591 2748 adert,
600 2683 680 2732 eflicit.
713 2684 756 2734 80.
773 2681 848 2747 Igitur
858 2685 1003 2748 imputribile
1013 2694 1058 2744 ert,
1070 2701 1123 2750 quie
1134 2701 1215 2736 rerere

118 2765 213 2828 pulchra
224 2773 290 2822 eunt,
300 2779 348 2814 000
359 2765 436 2814 rideri
447 2765 553 2829 pulchra,
562 2763 618 2813 duur
627 2765 704 2820 adert,
715 2764 780 2828 quod
792 2763 864 2812 rideri
876 2765 940 2814 iacit.
974 2765 1035 2815 litu.
1053 2765 1212 2831 impunibile.

117 2845 158 2894 80.
173 2845 347 2894 confitebimur
357 2847 412 2901 lroc,
422 2861 438 2894 0
449 2845 548 2910 Hippia,
557 2845 636 2894 oruuia
647 2859 726 2894 rerere
736 2845 835 2908 0010100
845 2845 952 2894 iurtitula
962 2855 987 2895 et
997 2847 1077 2896 etudiu
1087 2849 1213 2897 erirtirueri

118 2925 182 2973 etiarn
194 2926 294 2989 pulchra
304 2927 335 2974 eir
344 2927 479 2976 homiuibus
490 2928 499 2974 l
516 2925 553 2975 rcl
563 2934 653 2989 eontra,
663 2925 775 2989 ignorari,
785 2927 846 2975 erico
862 2935 888 2975 ut
899 2929 930 2976 du
940 2929 977 2976 irie
986 2929 1094 2978 lronrinee
1104 2929 1211 2993 prlratlru

117 3013 140 3052 et
154 3005 250 3069 poetice
263 3006 376 3055 acerrime
394 3007 517 3070 pugnent?
550 3005 613 3058 Hrr.
637 3005 743 3069 ignorari
760 3007 847 3070 potiur,
866 3023 881 3056 o
897 3009 1014 3065 Suereter,
1032 3010 1136 3060 urbitror.
1169 3011 1213 3063 80.

121 3087 171 3134 ileu
188 3095 268 3136 taureu
284 3088 454 3152 ignorarentur,
466 3089 495 3146 ri,
514 3097 539 3136 ut
557 3089 653 3152 pulchra
669 3095 733 3152 runt,
743 3088 777 3136 lta
795 3089 891 3152 pulchra
907 3090 978 3138 etiem
997 3097 1152 3154 apparerent:
1171 3107 1213 3155 rp·

122 3169 355 3232 paoeoeuraotemnl
372 3171 483 3220 decorum
502 3169 625 3234 pulchrum
642 3169 971 3232 00000000000000001000,
992 3172 1033 3218 red
1051 3171 1124 3219 rideri
1142 3171 1213 3218 etinru

123 3249 212 3312 pulchra
220 3259 327 3314 cogeret.
360 3251 528 3308 Quamobrem,
539 3251 559 3298 ri
577 3249 687 3298 decorum
698 3257 742 3303 ert,
754 3250 818 3312 quod
831 3248 927 3312 pulchre
937 3249 1066 3313 irritetur,
1076 3258 1112 3297 ert
1123 3250 1215 3313 utique,

124 3331 181 3392 quod
197 3333 334 3394 queri-ur,
346 3331 477 3395 pulchrum,
494 3345 542 3379 000
561 3342 640 3378 temen
659 3329 694 3385 id,
714 3330 778 3393 quud
798 3329 872 3377 rideri
890 3330 971 3392 cugltr
989 3329 1025 3376 rin
1042 3335 1120 3376 autem
1140 3327 1215 3378 rideri

123 3411 232 3460 rreum
251 3413 364 3460 00000000
386 3411 467 3470 efficit,
485 3425 633 3476 nequaquam
653 3409 778 3474 pulchrum
797 3409 873 3473 ipruru
892 3409 1012 3472 ert‚quod
1033 3407 1143 3473 petimur.
1165 3423 1216 3459 0000

123 3507 216 3556 nanque
237 3493 298 3542 illud
317 3490 448 3556 compellit.
482 3491 606 3558 Apparere
628 3499 706 3540 eutem
723 3489 791 3539 simul
811 3497 836 3539 et
851 3503 911 3546 eree,
929 3503 1006 3554 neque
1024 3489 1122 3554 pulchre
1139 3503 1216 3554 neque

124 3572 180 3620 aliud
190 3574 321 3638 quiequam
331 3572 424 3621 efficere
435 3572 497 3621 idem
509 3579 596 3636 poteri.
632 3571 750 3636 dilgenter
758 3571 817 3636 juur,
827 3579 903 3619 utruru
915 3571 1025 3618 decorum
1036 3583 1087 3618 erre
1098 3576 1216 3632 putemur,

123 3653 179 3714 qaod
189 3654 265 3701 rideri
275 3655 385 3718 pulchra,
396 3652 432 3700 rel
449 3653 514 3717 quod
525 3667 576 3701 eree
592 3651 658 3702 iuuit.
693 3652 753 3702 lire.
771 3653 843 3710 Quod
855 3650 939 3707 rideri,
954 3665 969 3698 0
985 3649 1101 3707 80000000,
1112 3649 1217 3701 arbitror.

123 3731 160 3779 80.
175 3731 260 3796 lupe,
274 3749 346 3798 quatu
364 3734 435 3798 lunge
445 3749 489 3782 000
506 3733 608 3798 Hippin,
618 3733 691 3798 ipriue
702 3733 793 3796 pulchri
804 3731 910 3797 cognitio
920 3731 989 3794 logii,
1009 3737 1133 3794 postquam
1145 3729 1217 3780 decu·

120 3823 165 3858 ron
182 3813 251 3860 aliud
268 3813 382 3876 quiddam
400 3821 487 3879 preter
505 3815 582 3878 iprum
602 3814 724 3877 pulchrum
741 3829 792 3862 erue
806 3813 923 3878 apperuit.
955 3810 1017 3859 ilrr.
1036 3811 1082 3859 Per
1097 3809 1217 3868 Jurern,o

119 3890 230 3948 80000000,
241 3893 300 3942 milri
317 3893 413 3958 quidem
431 3895 532 3945 abrurde
552 3895 659 3946 nimium.
684 3893 757 3958 [296]
777 3893 820 3943 So.
837 3893 957 3950 celentur,
976 3907 991 3940 o
1009 3892 1093 3948 emico,
1111 3893 1216 3942 noudum

119 3972 357 4037 &imaeque
375 3975 437 4024 euim
450 3991 544 4025 otonem
561 3975 637 4039 objeci
655 3991 730 4040 rpem,
742 3975 800 4040 quid
817 3974 846 4022 rit
863 3973 986 4037 pulchrum
997 3971 1143 4022 inreuieudi.
1156 3972 1217 4025 Hrr.

118 4051 220 4100 000οὶ00
230 4054 383 4116 rperauduru,
394 4055 536 4106 edocenter.
547 4069 626 4120 neque
637 4055 700 4104 enirn
713 4055 809 4102 inrcnlu
817 4083 819 4089 ,
826 4051 930 4102 difficile.
942 4053 999 4100 milri
1009 4053 1099 4118 quippe
1110 4054 1217 4102 cunroiur

118 4147 174 4190 ran,
183 4131 280 4197 quodri
291 4133 412 4198 paulirper
418 4135 451 4184 ad
463 4151 499 4186 rue
510 4136 586 4201 ipruru
598 4137 621 4184 in
634 4135 762 4184 rolitudiue
774 4149 810 4183 roe
821 4134 955 4198 reciperem,
966 4133 1070 4182 erectius
1082 4133 1135 4190 luia,
1146 4149 1217 4197 quoru

117 4215 212 4279 equini
222 4214 308 4280 puerit,
318 4215 362 4263 tibi
373 4215 397 4264 id
405 4215 555 4282 explicarem,
562 4225 589 4264 ut
596 4217 654 4265 nihil
664 4217 724 4264 ultre
735 4216 869 4280 requirerer.
898 4215 941 4264 80.
953 4214 1017 4279 Heu,
1027 4231 1056 4264 00
1064 4215 1112 4262 elta
1122 4213 1147 4262 id
1161 4227 1218 4262 voce

116 4296 188 4353 dicar,
196 4295 323 4361 uilippin,
330 4311 361 4346 00
369 4297 518 4362 indignentur
527 4299 619 4364 longior
628 4313 670 4347 nor
681 4298 788 4362 effugiet.
796 4313 843 4346 000
852 4297 926 4354 rides,
934 4305 1048 4362 quenturu
1056 4297 1219 4344 uorlractenur

116 4377 265 4441 htigarur't?
282 4389 362 4426 return
380 4377 441 4427 ur'lril
459 4377 513 4429 dico
530 4385 565 4436 tu,
583 4379 655 4436 eninr,
672 4393 726 4428 curu
744 4378 808 4427 rulue
821 4379 874 4435 erit,
892 4378 971 4442 facile,
982 4385 1009 4425 ut
1025 4385 1093 4441 puto,
1105 4375 1220 4434 invenire,

116 4457 160 4506 Sed
169 4471 227 4522 age,
238 4471 283 4521 000
293 4457 369 4522 Deua,
380 4467 543 4524 100000000ίο
554 4459 673 4509 iureniar:
691 4467 725 4516 el,
736 4460 756 4508 ri
768 4459 810 4516 rie,
822 4467 849 4508 ut
859 4459 982 4523 neutrum,
991 4459 1025 4507 ita
1041 4457 1154 4518 deincepr
1172 4467 1221 4500 000

116 4551 209 4586 000000
230 4539 349 4603 perquire.
377 4541 397 4588 ri
418 4541 574 4601 iurerrieruue,
596 4543 657 4592 bene
676 4541 729 4590 erit.
748 4541 785 4590 elu
804 4539 890 4600 rulnur,
908 4555 953 4602 equ
971 4538 1139 4602 quidum=nreu
1160 4541 1221 4580 rorte
