3160 5314
324 515 381 576 tst
645 519 649 528 “
777 511 994 610 ΡιΛΤΟΝΙει
1348 522 1430 602 [460

324 669 477 736 speciemque
492 677 566 722 totam
581 667 747 734 disputationb
764 665 835 730 bojus
853 682 902 716 non
923 667 1045 716 minimam
1056 666 1181 726 subticere,
1192 683 1223 718 ns
1234 669 1304 719 nubis
1313 683 1431 736 exponas,

324 757 397 814 atque
408 750 545 815 subriperet
563 757 696 816 putansque
713 747 785 798 latere
803 763 847 796 nos
863 747 1013 813 negligente:
1022 747 1112 810 dixisti,
1122 749 1153 798 de
1172 751 1282 800 uxorium
1293 752 1390 818 quidem
1404 761 1431 802 et

326 829 405 893 pueris
416 831 534 880 constabit
550 829 668 891 munibus,
684 827 764 876 omniu
781 826 844 876 siout
862 826 923 876 inter
941 827 1029 876 stoicos
1048 831 1183 878 eommunia
1194 833 1351 882 essedebere.
1383 833 1429 882 So.

326 908 369 958 An
385 927 434 958 non
445 919 508 960 recte
525 911 584 973 diui,
600 926 615 958 o
632 909 780 958 Adimante?
814 906 876 964 Αιιι.
893 907 970 958 Recto
988 908 1113 958 nimirum:
1132 913 1174 960 sed
1191 914 1389 976 quemadmodum
1401 915 1428 962 in

324 989 385 1047 eliis,
396 991 430 1040 ita
444 992 470 1040 io
481 992 526 1040 boo
537 992 776 1056 erplanureoportet,
787 1005 835 1054 que
853 991 943 1038 rstione
954 991 988 1038 itu
1006 1005 1033 1040 se
1051 999 1114 1040 recte
1133 992 1159 1041 id
1179 993 1274 1054 bsbest,
1289 994 1341 1057 quie
1358 1008 1427 1042 eom·

325 1071 444 1120 munionis
455 1073 537 1120 modus
549 1071 587 1120 stt.
603 1085 657 1118 nam
673 1069 740 1118 multi
750 1085 802 1119 esse
818 1077 926 1134 possunt.
941 1085 972 1118 ne
990 1069 1061 1134 igitur
1072 1071 1096 1118 id
1108 1072 1277 1135 pretermittas,
1289 1087 1337 1141 quo
1348 1073 1426 1122 minus

326 1151 395 1200 nobis
413 1151 513 1216 sperius,
523 1167 593 1216 quem
616 1157 641 1199 tu
658 1151 806 1216 potissimum
825 1151 899 1200 dicus.
932 1149 1043 1200 Proiecto
1062 1167 1106 1200 aus
1125 1151 1166 1200 diu
1184 1151 1235 1216 jsm
1255 1161 1426 1217 exspectamus,

274 1235 280 1246 “
325 1239 448 1296 sperantes
463 1231 622 1296 erpmitunrm
640 1239 729 1280 tetam
748 1230 812 1279 circa
830 1229 929 1278 illiorum
951 1231 1216 1297 procreationemque
1228 1233 1258 1282 sit
1268 1235 1427 1298 generationis

324 1312 441 1369 conditio,
460 1327 532 1377 quam
553 1312 616 1360 circa
633 1311 796 1372 nutritionem,
814 1326 868 1376 quan
887 1311 1037 1360 educationis
1058 1312 1137 1361 lutura
1156 1313 1188 1361 sit
1207 1312 1282 1363 ratio:
1301 1313 1425 1378 qualisque

324 1391 411 1442 debeat
420 1408 471 1442 esse
481 1394 533 1442 bno
543 1393 628 1449 omnis,
638 1407 708 1456 qusm
727 1399 752 1440 tu
768 1389 839 1446 diuis,
849 1391 970 1440 mulierum
982 1391 1129 1458 liliorumque
1139 1395 1281 1442 commuuio.
1296 1395 1423 1458 plurimum

324 1473 425 1538 quippe,
434 1473 505 1524 immo
516 1489 571 1521 sero
591 1480 667 1520 totum
685 1471 768 1520 reierre
785 1471 848 1518 istud
866 1471 897 1518 ad
908 1487 955 1520 rem
967 1472 1086 1536 publicam
1097 1472 1214 1537 ducimus,
1224 1482 1315 1522 rectene
1325 1489 1356 1522 au
1373 1489 1423 1522 nou

324 1561 490 1618 recteagstor.
522 1553 682 1603 Nuncautern
700 1567 755 1601 cum
773 1567 821 1601 rem
841 1553 959 1616 publicam
978 1553 1048 1602 alism
1065 1554 1215 1618 aggrediaris,
1227 1555 1360 1618 priorqusm
1371 1556 1423 1604 bno

325 1629 470 1686 sufficienter
477 1633 620 1691 tractareris,
628 1633 704 1682 risum
723 1632 748 1680 id
765 1632 834 1682 nobis
853 1641 899 1690 eat.
909 1633 974 1698 quod
986 1634 1072 1698 etipse
1092 1631 1165 1699 [4⁵0]
1185 1635 1272 1682 sudisti
1283 1650 1312 1683 ne
1323 1643 1347 1684 m
1357 1635 1423 1684 aliud

323 1715 452 1781 quicquum
458 1714 554 1780 sggredi
563 1714 731 1779 permittamus,
741 1722 868 1778 antequem
879 1715 931 1764 baso
942 1715 1030 1773 omnis,
1038 1715 1237 1779 quemsdmodum
1246 1715 1301 1772 ulia,
1308 1729 1423 1780 esposse·

324 1797 366 1846 ris.
399 1795 486 1846 Guuu.
502 1795 782 1859 Mequoqnesolrisoum
794 1794 880 1846 sentire
890 1795 1030 1846 eristimste.
1062 1797 1246 1847 Tuss.1nboo
1258 1793 1423 1861 proculdubio

324 1891 369 1926 uos
379 1877 504 1926 eonvenite
513 1892 605 1942 ornnes,
616 1893 630 1924 o
641 1877 757 1933 Soomtes,
769 1885 836 1939 puta.
868 1877 911 1926 So.
928 1877 994 1934 Quid
1005 1877 1085 1942 agitis,
1097 1879 1203 1938 obsecro,
1212 1879 1253 1942 qui
1265 1893 1303 1926 sne
1313 1865 1424 1926 ita'rero·

324 1958 401 2006 estis?
418 1973 488 2021 quarn
505 1973 597 2021 gravem
617 1971 703 2020 rursus,
725 1965 836 2022 tanusm
856 1974 870 2005 o
888 1959 1016 2022 principio,
1034 1959 1218 2024 disputationem
1238 1960 1269 2008 de
1287 1975 1311 2007 re
1328 1957 1424 2023 publicu

323 2037 457 2088 suscitatisl
489 2037 584 2102 Nempe
602 2038 736 2102 cgo,quasi
754 2039 815 2086 hano
831 2037 882 2102 jam
902 2040 1053 2103 peregissem,
1071 2055 1162 2090 mecum
1178 2041 1229 2104 ipse
1246 2040 1424 2103 congratulatus

324 2131 385 2182 suso,
402 2120 459 2168 setis
478 2119 535 2169 mihi
552 2135 603 2169 esse
619 2119 707 2168 iactum
725 2120 872 2176 existimans,
891 2121 910 2170 oi
930 2121 983 2185 quis
1003 2137 1066 2170 nuno
1086 2121 1189 2170 dimittat
1210 2121 1260 2168 baro
1281 2120 1423 2183 suscipiens,

323 2199 522 2262 queamdmodum
535 2216 607 2264 supra
621 2199 680 2248 disi.
695 2215 749 2265 que
760 2216 802 2249 sos
820 2217 884 2250 nunc
894 2203 1014 2266 exigentes
1026 2201 1119 2250 nescitis
1129 2216 1200 2265 quam
1217 2201 1326 2264 frequens
1336 2200 1423 2263 dispu-

322 2279 439 2328 tationum
449 2281 566 2344 instigetir
575 2295 682 2329 eumen.
700 2283 764 2344 quod
784 2298 830 2346 ego
842 2290 897 2330 tunc
910 2283 1063 2347 prmpioienu,
1074 2282 1151 2330 libens
1166 2281 1225 2330 cessi
1235 2296 1263 2330 sc
1274 2281 1425 2344 pretermisi,

323 2343 445 2410 nemenio
460 2375 504 2408 nos
520 2359 621 2408 tumultu
640 2361 751 2409 turbaret.
782 2361 869 2412 Τιιιιι.
887 2361 928 2410 An
947 2362 1082 2412 convenisse
1099 2362 1146 2410 buo
1162 2362 1205 2410 lros
1216 2361 1340 2417 arbitraris,
1351 2377 1367 2408 o
1378 2361 1425 2409 So·

322 2448 406 2504 erstes,
417 2449 444 2490 ut
453 2457 534 2490 aurum
545 2441 679 2499 tunderent,
693 2443 771 2506 potius
786 2459 857 2508 quem
874 2452 901 2492 ut
911 2459 1029 2492 sermonm
1039 2442 1165 2492 audirent?
1198 2442 1241 2492 So.
1259 2442 1295 2491 Ut
1305 2457 1425 2490 sermones

317 2522 599 2589 ⁸sudirentquidem,sed
619 2522 759 2572 moderatos.
794 2523 880 2572 Gnuu.
897 2523 988 2572 Modus
1006 2531 1068 2572 certe
1086 2531 1111 2570 et
1121 2522 1233 2572 terminus
1243 2523 1326 2570 borum
1336 2537 1426 2572 aermo-

324 2615 381 2650 nuru
392 2602 570 2660 audiendorum,
581 2619 596 2650 o
615 2603 731 2664 Socrates,
740 2604 816 2652 omnis
827 2603 876 2652 sits
892 2611 929 2652 eat
945 2604 998 2651 siris
1011 2611 1111 2651 mentem
1130 2603 1288 2658 habentibuu.'
1313 2603 1361 2650 Sed
1380 2617 1425 2650 nos

322 2681 420 2746 quidem
431 2683 498 2732 mitte
508 2701 515 2731 ι
533 2691 559 2732 tu
569 2700 623 2732 sero
634 2699 664 2732 ne
674 2685 783 2748 graveris,
794 2684 813 2734 si
825 2685 868 2732 tibi
888 2685 989 2747 videtur,
999 2701 1037 2742 ea,
1047 2700 1101 2748 quse
1120 2684 1285 2749 perquirimus,
1295 2684 1424 2742 deelamse,

324 2777 378 2828 qun
389 2763 473 2812 nosuis
483 2765 620 2814 custodibus
630 2765 693 2814 circs
704 2765 811 2816 mulieres
821 2775 846 2814 et
857 2765 918 2814 filios
933 2765 964 2814 sit
980 2766 1059 2814 lutura
1069 2765 1213 2822 communio,
1224 2780 1307 2828 quaese
1318 2766 1424 2814 nutrien-

322 2845 406 2892 dorum
419 2860 542 2907 puerorum
560 2845 658 2894 rstiueo
676 2845 764 2909 ipsoin
783 2854 889 2910 tempore
900 2845 1043 2902 sdbibenda,
1060 2847 1125 2909 quod
1137 2846 1311 2909 generationem
1322 2844 1383 2892 inter
1398 2853 1425 2894 et
1513 2907 1520 2914 ι

321 2923 470 2988 disciplinam
481 2925 575 2982 labitur,
584 2941 637 2989 quo
648 2925 828 2974 laboriosissima
840 2934 903 2976 certe
914 2941 964 2974 eme
976 2927 1077 2975 ridetur.
1095 2941 1189 2983 conare,
1201 2941 1343 2989 quesumus,
1353 2925 1424 2974 uobis

321 3005 373 3054 boo
383 3006 481 3070 operire.
515 3007 558 3056 So.
576 3005 646 3054 Haud
664 3006 743 3069 iacile,
753 3023 768 3054 o
780 3007 902 3065 sirbeste,
913 3007 1023 3070 explicari
1041 3009 1091 3056 brec
1102 3015 1210 3070 possunt.
1228 3003 1305 3069 plures
1315 3006 1378 3054 enim
1396 3006 1425 3054 in

320 3086 366 3144 bis,
377 3103 448 3150 quem
460 3087 484 3135 in
495 3087 660 3150 superioribus,
672 3087 752 3136 insunt
763 3087 937 3151 smbiguitates.
954 3088 1030 3152 primo
1041 3087 1146 3151 quidem,
1158 3103 1187 3135 an
1198 3085 1246 3134 fieri
1259 3087 1308 3133 hmo
1320 3086 1424 3149 possint,

321 3167 475 3218 dubitsretur.
485 3169 542 3233 quin
553 3169 624 3218 etism
635 3169 654 3216 si
667 3169 767 3234 possint,
779 3177 855 3216 utrum
866 3169 956 3234 optimu
968 3169 1012 3216 ists
1023 3167 1079 3224 sint,
1090 3175 1115 3216 et
1127 3167 1254 3231 quomodo,
1264 3166 1422 3218 dubitentur.

320 3259 464 3314 quapropter
484 3250 610 3300 difficultas
627 3251 678 3299 hsrc
696 3266 734 3298 me
754 3251 899 3314 dehortatur,
919 3257 1046 3306 serentem,
1065 3267 1080 3296 o
1100 3248 1177 3297 dulcis
1196 3247 1319 3312 amice,ne
1338 3255 1423 3295 sotum

319 3333 440 3394 quoddam
459 3341 485 3380 et
503 3332 567 3381 fictio
586 3347 637 3380 esse
659 3347 710 3380 mea
729 3333 779 3380 luno
799 3331 875 3379 orstio
894 3331 1009 3378 videatur.
1042 3329 1130 3379 Gusu.
1148 3327 1187 3377 Ne
1207 3329 1296 3392 pigeat,
1315 3327 1426 3376 obsecro.

319 3413 478 3476 nequeenim
498 3410 617 3460 auditores
631 3413 705 3460 bobes
723 3412 827 3474 ingratos
848 3411 884 3460 rel
903 3411 1036 3460 incredulos
1059 3411 1095 3459 sel
1117 3409 1253 3459 malevolos.
1286 3408 1329 3457 So.
1348 3408 1371 3456 O
1388 3407 1427 3457 vir

319 3493 417 3556 optime,
429 3500 456 3541 ut
465 3492 592 3542 exhorteris
603 3508 650 3555 me,
662 3493 712 3540 heo
723 3491 811 3541 effers?
844 3491 930 3541 Gssu.
947 3493 1051 3555 Nesope.
1084 3491 1127 3540 So.
1146 3489 1236 3538 Contra
1246 3489 1427 3538 iaoiuomnino.

319 3588 374 3622 nam
389 3574 409 3622 si
420 3589 512 3623 mecum
531 3575 582 3638 ipse
601 3573 753 3630 confiderem,
764 3587 833 3622 nosue
852 3587 955 3636 umqum
974 3573 1038 3628 dico,
1051 3579 1114 3621 tecta
1131 3579 1195 3620 esset
1212 3571 1263 3619 boc
1281 3569 1428 3620 consolatio.

318 3669 406 3719 nempe
415 3661 491 3703 tutum
511 3663 591 3704 estet
612 3655 757 3716 audendum,
769 3653 829 3700 inter
847 3653 937 3701 etnicos
956 3653 1132 3716 prudentesque
1149 3651 1220 3708 siros,
1231 3665 1286 3698 sera
1302 3665 1356 3714 qun
1367 3651 1427 3713 quis

318 3736 449 3798 cognoscit,
471 3737 503 3784 de
524 3735 632 3784 menimis
652 3719 807 3798 pretiosisque
828 3733 895 3782 rebus
913 3733 1072 3797 pronuntiare.
1093 3747 1147 3796 oum
1166 3730 1298 3779 diffidentis
1318 3745 1374 3778 sero
1398 3739 1429 3780 et

317 3815 471 3878 umbiguitate
487 3817 558 3865 serbe
575 3816 662 3874 iaoere,
681 3814 878 3879 quemadmodum
898 3814 950 3877 ipse
970 3813 1040 3869 lanio,
1060 3811 1212 3860 metuendum
1232 3819 1269 3859 est
1287 3817 1313 3858 et
1331 3810 1426 3861 iallaxr

316 3893 382 3941 baud
392 3894 574 3956 formidandum,
582 3897 687 3960 inquam,
699 3911 730 3943 ne
744 3895 815 3943 risum
826 3893 977 3943 audientibus
991 3893 1064 3958 [tul]
1077 3907 1200 3940 moseum:
1219 3906 1273 3938 nsm
1291 3890 1383 3954 puerile
1396 3893 1429 3942 id

318 3973 434 4036 quida-t
451 3975 494 4022 sed
511 3991 542 4023 ne
561 3986 575 4023 a
593 3991 647 4024 sero
666 3975 748 4040 procul
765 3976 874 4024 oberrans
893 3984 918 4024 et
935 3977 987 4040 ipse
1006 3973 1103 4022 falsitati
1114 3973 1273 4035 succumbam,
1288 3981 1313 4029 ,et
1331 3973 1429 4021 amicos

318 4067 410 4102 mecum
428 4055 516 4102 trabam
533 4055 559 4101 in
577 4056 676 4113 ruinam,
687 4063 713 4104 et
729 4056 753 4103 in
773 4055 810 4104 isis
830 4071 877 4104 una
894 4056 1048 4119 decipiamur,
1057 4054 1083 4102 in
1101 4053 1186 4118 quibus
1205 4053 1301 4100 minime
1312 4052 1428 4103 omniurn
1445 4065 1448 4071 '

317 4147 392 4182 errare
410 4133 545 4182 oonseoist.
579 4134 661 4183 Adoro
679 4136 760 4201 itaque
778 4136 879 4201 supplex
896 4136 1033 4184 Adrautism
1053 4135 1085 4183 ob
1103 4149 1141 4189 ea,
1159 4149 1213 4197 quse
1233 4133 1340 4182 dictonis
1357 4149 1427 4194 sum,

318 4212 420 4262 Glauco·
436 4227 487 4260 reor
497 4213 560 4262 enim
579 4215 655 4264 miuus
666 4233 720 4265 eum
737 4218 884 4282 delinquere,
901 4217 943 4282 qui
954 4233 1002 4264 non
1013 4223 1099 4280 sponte
1117 4214 1219 4277 aliquem
1232 4213 1335 4277 perimit,
1346 4229 1426 4277 quam

316 4293 358 4358 qui
369 4293 431 4342 cirus
448 4293 627 4342 constitutioner
638 4297 669 4344 de
680 4299 785 4346 bonertis
804 4308 829 4348 et
840 4300 908 4346 bonis
916 4298 1035 4362 justisque
1052 4297 1121 4344 tallia.
1139 4297 1184 4344 boc
1202 4302 1281 4342 autem
1292 4293 1427 4344 discrimen

316 4374 393 4424 subire
404 4376 569 4439 prosusinser
587 4376 695 4426 inimicos
711 4379 818 4429 homines
836 4395 906 4444 quum
924 4379 1020 4428 etnicos.
1037 4393 1110 4441 quure
1129 4375 1222 4440 melius,
1232 4391 1247 4422 o
1265 4373 1371 4437 Glauco,
1384 4391 1429 4426 me

314 4455 444 4508 consulare.
476 4455 565 4507 Gssu.
582 4456 618 4506 At
634 4457 731 4516 eoim,o
748 4461 864 4522 Somsteu
884 4463 904 4512 si
925 4475 973 4526 quo
995 4466 1065 4523 pacto
1084 4473 1129 4508 nos
1147 4473 1177 4506 es
1194 4455 1430 4519 hoodisputstlonn
