<?xml version="1.0" encoding="UTF-8"?>
<!DOCTYPE html PUBLIC "-//W3C//DTD XHTML 1.0 Transitional//EN"
    "http://www.w3.org/TR/xhtml1/DTD/xhtml1-transitional.dtd">
<html xmlns="http://www.w3.org/1999/xhtml" xml:lang="en" lang="en">
 <head>
  <title>
</title>
<meta http-equiv="Content-Type" content="text/html;charset=utf-8" />
  <meta name='ocr-system' content='tesseract 3.04.00' />
  <meta name='ocr-capabilities' content='ocr_page ocr_carea ocr_par ocr_line ocrx_word'/>
</head>
<body>
  <div class='ocr_page' id='page_1' title='image "./platonisetquaev05bekkgoog_0439.png"; bbox 0 0 3102 5312; ppageno 0'>
   <div class='ocr_carea' id='block_1_1' title="bbox 76 559 1215 642">
    <p class='ocr_par' dir='ltr' id='par_1_1' title="bbox 76 559 1215 642">
     <span class='ocr_line' id='line_1_1' title="bbox 76 559 1215 642; baseline -0.002 -16"><span class='ocrx_word' id='word_1_1' title='bbox 76 593 80 600; x_wconf 90' lang='lat'>·</span> <span class='ocrx_word' id='word_1_2' title='bbox 124 561 198 642; x_wconf 81' lang='lat' dir='ltr'>eos]</span> <span class='ocrx_word' id='word_1_3' title='bbox 471 565 527 627; x_wconf 84' lang='lat' dir='ltr'>uu</span> <span class='ocrx_word' id='word_1_4' title='bbox 556 559 729 626; x_wconf 80' lang='lat' dir='ltr'>seorsus</span> <span class='ocrx_word' id='word_1_5' title='bbox 756 561 832 627; x_wconf 81' lang='lat' dir='ltr'>trs.</span> <span class='ocrx_word' id='word_1_6' title='bbox 860 565 900 630; x_wconf 88' lang='grc' dir='ltr'>ιι.</span> <span class='ocrx_word' id='word_1_7' title='bbox 1156 561 1215 624; x_wconf 71' lang='grc' dir='ltr'>ιιι</span> 
     </span>
    </p>
   </div>
   <div class='ocr_carea' id='block_1_2' title="bbox 105 713 1219 4671">
    <p class='ocr_par' dir='ltr' id='par_1_2' title="bbox 105 713 1219 4671">
     <span class='ocr_line' id='line_1_2' title="bbox 115 713 1213 788; baseline 0.001 -21"><span class='ocrx_word' id='word_1_8' title='bbox 115 715 212 783; x_wconf 78' lang='lat' dir='ltr'>ignores</span> <span class='ocrx_word' id='word_1_9' title='bbox 229 733 325 770; x_wconf 85' lang='lat' dir='ltr'>omnem</span> <span class='ocrx_word' id='word_1_10' title='bbox 334 719 480 787; x_wconf 73' lang='lat' dir='ltr'>singulorum</span> <span class='ocrx_word' id='word_1_11' title='bbox 491 721 669 788; x_wconf 70' lang='lat' dir='ltr'>generationem</span> <span class='ocrx_word' id='word_1_12' title='bbox 679 719 744 770; x_wconf 88' lang='lat' dir='ltr'>lilius</span> <span class='ocrx_word' id='word_1_13' title='bbox 754 719 829 784; x_wconf 72' lang='lat' dir='ltr'>gretie</span> <span class='ocrx_word' id='word_1_14' title='bbox 839 717 897 776; x_wconf 85' lang='lat' dir='ltr'>lieri,</span> <span class='ocrx_word' id='word_1_15' title='bbox 909 725 937 768; x_wconf 91' lang='lat' dir='ltr'>ut</span> <span class='ocrx_word' id='word_1_16' title='bbox 946 716 1050 768; x_wconf 74' lang='lat' dir='ltr'>universi</span> <span class='ocrx_word' id='word_1_17' title='bbox 1057 713 1132 784; x_wconf 87' lang='lat' dir='ltr'>ipsius</span> <span class='ocrx_word' id='word_1_18' title='bbox 1141 717 1213 768; x_wconf 88' lang='lat' dir='ltr'>beete</span> 
     </span>
     <span class='ocr_line' id='line_1_3' title="bbox 115 798 1212 868; baseline -0.001 -19"><span class='ocrx_word' id='word_1_19' title='bbox 115 798 167 849; x_wconf 77' lang='lat' dir='ltr'>vite</span> <span class='ocrx_word' id='word_1_20' title='bbox 182 801 222 850; x_wconf 85' lang='lat' dir='ltr'>rit.</span> <span class='ocrx_word' id='word_1_21' title='bbox 233 801 287 866; x_wconf 87' lang='lat' dir='ltr'>ejus</span> <span class='ocrx_word' id='word_1_22' title='bbox 298 801 489 853; x_wconf 76' lang='lat' dir='ltr'>substentlenou</span> <span class='ocrx_word' id='word_1_23' title='bbox 499 804 538 853; x_wconf 89' lang='lat' dir='ltr'>tui</span> <span class='ocrx_word' id='word_1_24' title='bbox 549 803 626 868; x_wconf 77' lang='lat' dir='ltr'>gretie</span> <span class='ocrx_word' id='word_1_25' title='bbox 636 809 683 858; x_wconf 89' lang='lat' dir='ltr'>est,</span> <span class='ocrx_word' id='word_1_26' title='bbox 692 803 737 850; x_wconf 89' lang='lat' dir='ltr'>sed</span> <span class='ocrx_word' id='word_1_27' title='bbox 746 801 813 850; x_wconf 86' lang='lat' dir='ltr'>illius</span> <span class='ocrx_word' id='word_1_28' title='bbox 822 807 851 849; x_wconf 90' lang='lat' dir='ltr'>tu</span> <span class='ocrx_word' id='word_1_29' title='bbox 862 801 938 865; x_wconf 79' lang='lat' dir='ltr'>gretie</span> <span class='ocrx_word' id='word_1_30' title='bbox 954 799 1033 850; x_wconf 84' lang='lat' dir='ltr'>iectus</span> <span class='ocrx_word' id='word_1_31' title='bbox 1050 815 1086 850; x_wconf 88' lang='lat' dir='ltr'>es.</span> <span class='ocrx_word' id='word_1_32' title='bbox 1102 799 1212 850; x_wconf 83' lang='lat' dir='ltr'>medicus</span> 
     </span>
     <span class='ocr_line' id='line_1_4' title="bbox 114 879 1210 950; baseline -0.001 -20"><span class='ocrx_word' id='word_1_33' title='bbox 114 879 179 930; x_wconf 80' lang='lat' dir='ltr'>enirn</span> <span class='ocrx_word' id='word_1_34' title='bbox 190 884 268 931; x_wconf 85' lang='lat' dir='ltr'>omnis</span> <span class='ocrx_word' id='word_1_35' title='bbox 277 889 303 933; x_wconf 89' lang='lat' dir='ltr'>et</span> <span class='ocrx_word' id='word_1_36' title='bbox 313 883 454 934; x_wconf 86' lang='lat' dir='ltr'>srtiieiosus</span> <span class='ocrx_word' id='word_1_37' title='bbox 463 883 545 950; x_wconf 76' lang='lat' dir='ltr'>opifex</span> <span class='ocrx_word' id='word_1_38' title='bbox 556 885 632 932; x_wconf 87' lang='lat' dir='ltr'>omnis</span> <span class='ocrx_word' id='word_1_39' title='bbox 642 883 718 932; x_wconf 92' lang='lat' dir='ltr'>totins</span> <span class='ocrx_word' id='word_1_40' title='bbox 727 881 804 947; x_wconf 77' lang='lat' dir='ltr'>gretie</span> <span class='ocrx_word' id='word_1_41' title='bbox 812 881 905 946; x_wconf 83' lang='lat' dir='ltr'>singule</span> <span class='ocrx_word' id='word_1_42' title='bbox 913 881 978 940; x_wconf 85' lang='lat' dir='ltr'>iecit,</span> <span class='ocrx_word' id='word_1_43' title='bbox 987 889 1013 930; x_wconf 88' lang='lat' dir='ltr'>et</span> <span class='ocrx_word' id='word_1_44' title='bbox 1023 881 1053 930; x_wconf 90' lang='lat' dir='ltr'>ed</span> <span class='ocrx_word' id='word_1_45' title='bbox 1060 895 1210 930; x_wconf 86' lang='lat' dir='ltr'>communem</span> 
     </span>
     <span class='ocr_line' id='line_1_5' title="bbox 112 961 1211 1031; baseline -0.001 -20"><span class='ocrx_word' id='word_1_46' title='bbox 112 962 285 1026; x_wconf 82' lang='lat' dir='ltr'>perlectionem</span> <span class='ocrx_word' id='word_1_47' title='bbox 304 965 386 1031; x_wconf 78' lang='lat' dir='ltr'>dirigit</span> <span class='ocrx_word' id='word_1_48' title='bbox 402 966 499 1015; x_wconf 82' lang='lat' dir='ltr'>omnin:</span> <span class='ocrx_word' id='word_1_49' title='bbox 517 979 566 1014; x_wconf 88' lang='lat' dir='ltr'>non</span> <span class='ocrx_word' id='word_1_50' title='bbox 582 971 660 1013; x_wconf 90' lang='lat' dir='ltr'>totum</span> <span class='ocrx_word' id='word_1_51' title='bbox 675 963 706 1013; x_wconf 86' lang='lat' dir='ltr'>ed</span> <span class='ocrx_word' id='word_1_52' title='bbox 723 973 823 1028; x_wconf 78' lang='lat' dir='ltr'>partem,</span> <span class='ocrx_word' id='word_1_53' title='bbox 835 963 878 1011; x_wconf 89' lang='lat' dir='ltr'>sed</span> <span class='ocrx_word' id='word_1_54' title='bbox 887 971 969 1027; x_wconf 86' lang='lat' dir='ltr'>pertes</span> <span class='ocrx_word' id='word_1_55' title='bbox 979 964 1009 1011; x_wconf 86' lang='lat' dir='ltr'>ed</span> <span class='ocrx_word' id='word_1_56' title='bbox 1018 971 1095 1011; x_wconf 86' lang='lat' dir='ltr'>totum</span> <span class='ocrx_word' id='word_1_57' title='bbox 1105 961 1211 1026; x_wconf 79' lang='lat' dir='ltr'>siugnles</span> 
     </span>
     <span class='ocr_line' id='line_1_6' title="bbox 112 1037 1210 1111; baseline -0.001 -19"><span class='ocrx_word' id='word_1_58' title='bbox 112 1041 229 1092; x_wconf 79' lang='lat' dir='ltr'>reterens.</span> <span class='ocrx_word' id='word_1_59' title='bbox 244 1052 360 1095; x_wconf 86' lang='lat' dir='ltr'>tuentem</span> <span class='ocrx_word' id='word_1_60' title='bbox 379 1049 479 1096; x_wconf 83' lang='lat' dir='ltr'>moleste</span> <span class='ocrx_word' id='word_1_61' title='bbox 495 1045 552 1104; x_wconf 87' lang='lat' dir='ltr'>lere,</span> <span class='ocrx_word' id='word_1_62' title='bbox 572 1037 628 1111; x_wconf 84' lang='lat' dir='ltr'>quie</span> <span class='ocrx_word' id='word_1_63' title='bbox 637 1045 741 1110; x_wconf 77' lang='lat' dir='ltr'>ignores,</span> <span class='ocrx_word' id='word_1_64' title='bbox 751 1058 799 1110; x_wconf 92' lang='lat' dir='ltr'>quo</span> <span class='ocrx_word' id='word_1_65' title='bbox 809 1053 890 1109; x_wconf 85' lang='lat' dir='ltr'>pecto,</span> <span class='ocrx_word' id='word_1_66' title='bbox 902 1044 966 1109; x_wconf 92' lang='lat' dir='ltr'>quod</span> <span class='ocrx_word' id='word_1_67' title='bbox 976 1043 1020 1094; x_wconf 83' lang='lat' dir='ltr'>tibi</span> <span class='ocrx_word' id='word_1_68' title='bbox 1031 1044 1150 1109; x_wconf 87' lang='lat' dir='ltr'>optimum</span> <span class='ocrx_word' id='word_1_69' title='bbox 1162 1051 1210 1100; x_wconf 84' lang='lat' dir='ltr'>est,</span> 
     </span>
     <span class='ocr_line' id='line_1_7' title="bbox 112 1123 1211 1192; baseline -0.002 -18"><span class='ocrx_word' id='word_1_70' title='bbox 112 1123 227 1174; x_wconf 54' lang='lat' dir='ltr'>moereo</span> <span class='ocrx_word' id='word_1_71' title='bbox 237 1126 304 1174; x_wconf 88' lang='lat' dir='ltr'>simul</span> <span class='ocrx_word' id='word_1_72' title='bbox 315 1135 341 1175; x_wconf 85' lang='lat' dir='ltr'>et</span> <span class='ocrx_word' id='word_1_73' title='bbox 350 1125 395 1176; x_wconf 88' lang='lat' dir='ltr'>tibi</span> <span class='ocrx_word' id='word_1_74' title='bbox 405 1143 447 1192; x_wconf 90' lang='lat' dir='ltr'>pro</span> <span class='ocrx_word' id='word_1_75' title='bbox 458 1127 589 1177; x_wconf 88' lang='lat' dir='ltr'>communis</span> <span class='ocrx_word' id='word_1_76' title='bbox 600 1125 761 1191; x_wconf 71' lang='lat' dir='ltr'>generationis</span> <span class='ocrx_word' id='word_1_77' title='bbox 779 1124 870 1173; x_wconf 81' lang='lat' dir='ltr'>rinlrm</span> <span class='ocrx_word' id='word_1_78' title='bbox 888 1123 1006 1173; x_wconf 83' lang='lat' dir='ltr'>convenit.</span> <span class='ocrx_word' id='word_1_79' title='bbox 1023 1125 1134 1188; x_wconf 85' lang='lat' dir='ltr'>quonism</span> <span class='ocrx_word' id='word_1_80' title='bbox 1152 1139 1211 1172; x_wconf 84' lang='lat' dir='ltr'>vero</span> 
     </span>
     <span class='ocr_line' id='line_1_8' title="bbox 112 1203 1210 1273; baseline 0.001 -21"><span class='ocrx_word' id='word_1_81' title='bbox 112 1203 195 1254; x_wconf 85' lang='lat' dir='ltr'>eninm</span> <span class='ocrx_word' id='word_1_82' title='bbox 213 1221 267 1255; x_wconf 91' lang='lat' dir='ltr'>cum</span> <span class='ocrx_word' id='word_1_83' title='bbox 288 1221 387 1272; x_wconf 89' lang='lat' dir='ltr'>corpore</span> <span class='ocrx_word' id='word_1_84' title='bbox 406 1221 510 1273; x_wconf 87' lang='lat' dir='ltr'>semper,</span> <span class='ocrx_word' id='word_1_85' title='bbox 532 1207 602 1256; x_wconf 90' lang='lat' dir='ltr'>modo</span> <span class='ocrx_word' id='word_1_86' title='bbox 622 1221 677 1255; x_wconf 87' lang='lat' dir='ltr'>eum</span> <span class='ocrx_word' id='word_1_87' title='bbox 698 1206 753 1262; x_wconf 90' lang='lat' dir='ltr'>elio,</span> <span class='ocrx_word' id='word_1_88' title='bbox 765 1203 920 1255; x_wconf 85' lang='lat' dir='ltr'>deindecum</span> <span class='ocrx_word' id='word_1_89' title='bbox 931 1205 978 1254; x_wconf 90' lang='lat' dir='ltr'>elio</span> <span class='ocrx_word' id='word_1_90' title='bbox 989 1205 1126 1269; x_wconf 86' lang='lat' dir='ltr'>conjuncte,</span> <span class='ocrx_word' id='word_1_91' title='bbox 1138 1206 1210 1254; x_wconf 79' lang='lat' dir='ltr'>seriis</span> 
     </span>
     <span class='ocr_line' id='line_1_9' title="bbox 110 1283 1211 1354; baseline 0 -21"><span class='ocrx_word' id='word_1_92' title='bbox 110 1286 284 1336; x_wconf 85' lang='lat' dir='ltr'>mutetionr’bue</span> <span class='ocrx_word' id='word_1_93' title='bbox 301 1297 342 1338; x_wconf 87' lang='lat' dir='ltr'>eut</span> <span class='ocrx_word' id='word_1_94' title='bbox 357 1295 455 1354; x_wconf 88' lang='lat' dir='ltr'>proptor</span> <span class='ocrx_word' id='word_1_95' title='bbox 474 1303 500 1337; x_wconf 89' lang='lat' dir='ltr'>se</span> <span class='ocrx_word' id='word_1_96' title='bbox 518 1288 593 1352; x_wconf 74' lang='lat' dir='ltr'>ipsein</span> <span class='ocrx_word' id='word_1_97' title='bbox 608 1296 649 1335; x_wconf 90' lang='lat' dir='ltr'>eut</span> <span class='ocrx_word' id='word_1_98' title='bbox 659 1294 757 1352; x_wconf 89' lang='lat' dir='ltr'>propter</span> <span class='ocrx_word' id='word_1_99' title='bbox 767 1287 837 1336; x_wconf 88' lang='lat' dir='ltr'>sliem</span> <span class='ocrx_word' id='word_1_100' title='bbox 848 1287 959 1343; x_wconf 80' lang='lat' dir='ltr'>animem,</span> <span class='ocrx_word' id='word_1_101' title='bbox 973 1291 1138 1342; x_wconf 87' lang='lat' dir='ltr'>commutetur,</span> <span class='ocrx_word' id='word_1_102' title='bbox 1147 1283 1211 1334; x_wconf 82' lang='lat' dir='ltr'>nihil</span> 
     </span>
     <span class='ocr_line' id='line_1_10' title="bbox 109 1365 1209 1434; baseline 0 -20"><span class='ocrx_word' id='word_1_103' title='bbox 109 1365 179 1415; x_wconf 86' lang='lat' dir='ltr'>eliud</span> <span class='ocrx_word' id='word_1_104' title='bbox 190 1367 273 1417; x_wconf 80' lang='lat' dir='ltr'>herum</span> <span class='ocrx_word' id='word_1_105' title='bbox 284 1385 364 1419; x_wconf 89' lang='lat' dir='ltr'>rerum</span> <span class='ocrx_word' id='word_1_106' title='bbox 371 1369 510 1427; x_wconf 73' lang='lat' dir='ltr'>ordinatori,</span> <span class='ocrx_word' id='word_1_107' title='bbox 520 1377 634 1433; x_wconf 81' lang='lat' dir='ltr'>touquem</span> <span class='ocrx_word' id='word_1_108' title='bbox 644 1369 705 1417; x_wconf 79' lang='lat' dir='ltr'>telos</span> <span class='ocrx_word' id='word_1_109' title='bbox 713 1367 820 1434; x_wconf 74' lang='lat' dir='ltr'>jacienti,</span> <span class='ocrx_word' id='word_1_110' title='bbox 830 1375 914 1424; x_wconf 88' lang='lat' dir='ltr'>restet,</span> <span class='ocrx_word' id='word_1_111' title='bbox 925 1381 996 1432; x_wconf 87' lang='lat' dir='ltr'>quem</span> <span class='ocrx_word' id='word_1_112' title='bbox 1007 1375 1035 1416; x_wconf 86' lang='lat' dir='ltr'>ut</span> <span class='ocrx_word' id='word_1_113' title='bbox 1049 1367 1117 1432; x_wconf 80' lang='lat' dir='ltr'>quasi</span> <span class='ocrx_word' id='word_1_114' title='bbox 1134 1375 1209 1415; x_wconf 75' lang='lat' dir='ltr'>unus·</span> 
     </span>
     <span class='ocr_line' id='line_1_11' title="bbox 108 1447 1210 1515; baseline 0 -19"><span class='ocrx_word' id='word_1_115' title='bbox 108 1449 227 1510; x_wconf 81' lang='lat' dir='ltr'>ponendo</span> <span class='ocrx_word' id='word_1_116' title='bbox 244 1457 372 1514; x_wconf 77' lang='lat' dir='ltr'>permutet,</span> <span class='ocrx_word' id='word_1_117' title='bbox 391 1451 498 1499; x_wconf 80' lang='lat' dir='ltr'>meliores</span> <span class='ocrx_word' id='word_1_118' title='bbox 508 1451 604 1515; x_wconf 91' lang='lat' dir='ltr'>quidem</span> <span class='ocrx_word' id='word_1_119' title='bbox 616 1463 694 1498; x_wconf 87' lang='lat' dir='ltr'>mores</span> <span class='ocrx_word' id='word_1_120' title='bbox 703 1450 729 1497; x_wconf 89' lang='lat' dir='ltr'>in</span> <span class='ocrx_word' id='word_1_121' title='bbox 739 1449 861 1498; x_wconf 88' lang='lat' dir='ltr'>meliorem</span> <span class='ocrx_word' id='word_1_122' title='bbox 870 1449 956 1510; x_wconf 85' lang='lat' dir='ltr'>locum,</span> <span class='ocrx_word' id='word_1_123' title='bbox 967 1449 993 1497; x_wconf 89' lang='lat' dir='ltr'>in</span> <span class='ocrx_word' id='word_1_124' title='bbox 1002 1447 1142 1497; x_wconf 76' lang='lat' dir='ltr'><strong>deteriorem</strong></span> <span class='ocrx_word' id='word_1_125' title='bbox 1153 1463 1210 1496; x_wconf 83' lang='lat' dir='ltr'>vero</span> 
     </span>
     <span class='ocr_line' id='line_1_12' title="bbox 109 1527 1207 1595; baseline 0.001 -18"><span class='ocrx_word' id='word_1_126' title='bbox 109 1527 252 1586; x_wconf 86' lang='lat' dir='ltr'>deteriores,</span> <span class='ocrx_word' id='word_1_127' title='bbox 263 1539 332 1594; x_wconf 87' lang='lat' dir='ltr'>prout</span> <span class='ocrx_word' id='word_1_128' title='bbox 343 1531 445 1595; x_wconf 82' lang='lat' dir='ltr'>siugulis</span> <span class='ocrx_word' id='word_1_129' title='bbox 454 1531 575 1588; x_wconf 85' lang='lat' dir='ltr'>convenit,</span> <span class='ocrx_word' id='word_1_130' title='bbox 587 1537 614 1580; x_wconf 90' lang='lat' dir='ltr'>ut</span> <span class='ocrx_word' id='word_1_131' title='bbox 623 1537 713 1579; x_wconf 86' lang='lat' dir='ltr'>sortem</span> <span class='ocrx_word' id='word_1_132' title='bbox 722 1530 766 1578; x_wconf 85' lang='lat' dir='ltr'>eibi</span> <span class='ocrx_word' id='word_1_133' title='bbox 777 1544 905 1594; x_wconf 75' lang='lat' dir='ltr'>congmem</span> <span class='ocrx_word' id='word_1_134' title='bbox 915 1530 1007 1594; x_wconf 81' lang='lat' dir='ltr'>singule</span> <span class='ocrx_word' id='word_1_135' title='bbox 1024 1529 1207 1594; x_wconf 80' lang='lat' dir='ltr'>consequentur.</span> 
     </span>
     <span class='ocr_line' id='line_1_13' title="bbox 108 1607 1210 1676; baseline 0.001 -19"><span class='ocrx_word' id='word_1_136' title='bbox 108 1607 170 1657; x_wconf 77' lang='lat' dir='ltr'>Cer.</span> <span class='ocrx_word' id='word_1_137' title='bbox 179 1609 307 1668; x_wconf 81' lang='lat' dir='ltr'><strong>Quomodo</strong></span> <span class='ocrx_word' id='word_1_138' title='bbox 314 1610 339 1658; x_wconf 92' lang='lat' dir='ltr'>id</span> <span class='ocrx_word' id='word_1_139' title='bbox 347 1611 382 1659; x_wconf 87' lang='lat' dir='ltr'>eis</span> <span class='ocrx_word' id='word_1_140' title='bbox 391 1612 400 1658; x_wconf 72' lang='grc' dir='ltr'><strong><em>ἓ</em></strong></span> <span class='ocrx_word' id='word_1_141' title='bbox 410 1612 514 1661; x_wconf 78' lang='lat' dir='ltr'>Aruer.</span> <span class='ocrx_word' id='word_1_142' title='bbox 523 1611 658 1662; x_wconf 84' lang='lat' dir='ltr'>Eeretione</span> <span class='ocrx_word' id='word_1_143' title='bbox 666 1611 723 1660; x_wconf 88' lang='lat' dir='ltr'>mihi</span> <span class='ocrx_word' id='word_1_144' title='bbox 729 1611 808 1660; x_wconf 87' lang='lat' dir='ltr'>dicere</span> <span class='ocrx_word' id='word_1_145' title='bbox 813 1610 905 1668; x_wconf 79' lang='lat' dir='ltr'>videor,</span> <span class='ocrx_word' id='word_1_146' title='bbox 914 1625 962 1676; x_wconf 82' lang='lat' dir='ltr'>quo</span> <span class='ocrx_word' id='word_1_147' title='bbox 969 1607 1128 1659; x_wconf 80' lang='lat' dir='ltr'>intillimeDii</span> <span class='ocrx_word' id='word_1_148' title='bbox 1137 1625 1210 1658; x_wconf 90' lang='lat' dir='ltr'>cunc·</span> 
     </span>
     <span class='ocr_line' id='line_1_14' title="bbox 106 1689 1208 1758; baseline 0.001 -21"><span class='ocrx_word' id='word_1_149' title='bbox 106 1689 139 1737; x_wconf 88' lang='lat' dir='ltr'>tis</span> <span class='ocrx_word' id='word_1_150' title='bbox 165 1691 317 1754; x_wconf 74' lang='lat' dir='ltr'>provideant</span> <span class='ocrx_word' id='word_1_151' title='bbox 333 1693 419 1742; x_wconf 88' lang='lat' dir='ltr'>nemsi</span> <span class='ocrx_word' id='word_1_152' title='bbox 429 1695 481 1758; x_wconf 87' lang='lat' dir='ltr'>quis</span> <span class='ocrx_word' id='word_1_153' title='bbox 491 1694 522 1743; x_wconf 85' lang='lat' dir='ltr'>sd</span> <span class='ocrx_word' id='word_1_154' title='bbox 530 1701 604 1742; x_wconf 88' lang='lat' dir='ltr'>totum</span> <span class='ocrx_word' id='word_1_155' title='bbox 614 1707 709 1758; x_wconf 83' lang='lat' dir='ltr'>semper</span> <span class='ocrx_word' id='word_1_156' title='bbox 718 1692 847 1758; x_wconf 70' lang='lat' dir='ltr'>respiciens</span> <span class='ocrx_word' id='word_1_157' title='bbox 854 1692 923 1756; x_wconf 81' lang='lat' dir='ltr'>fingit</span> <span class='ocrx_word' id='word_1_158' title='bbox 932 1707 1043 1757; x_wconf 80' lang='lat' dir='ltr'>queque,</span> <span class='ocrx_word' id='word_1_159' title='bbox 1054 1697 1079 1740; x_wconf 87' lang='lat' dir='ltr'>st</span> <span class='ocrx_word' id='word_1_160' title='bbox 1088 1689 1119 1739; x_wconf 87' lang='lat' dir='ltr'>ed</span> <span class='ocrx_word' id='word_1_161' title='bbox 1129 1691 1208 1754; x_wconf 86' lang='lat' dir='ltr'>ipsum</span> 
     </span>
     <span class='ocr_line' id='line_1_15' title="bbox 108 1771 1210 1840; baseline 0.001 -22"><span class='ocrx_word' id='word_1_162' title='bbox 108 1771 196 1820; x_wconf 85' lang='lat' dir='ltr'>omnin</span> <span class='ocrx_word' id='word_1_163' title='bbox 216 1771 376 1836; x_wconf 77' lang='lat' dir='ltr'>transfiguret,</span> <span class='ocrx_word' id='word_1_164' title='bbox 393 1781 422 1824; x_wconf 89' lang='lat' dir='ltr'>nt</span> <span class='ocrx_word' id='word_1_165' title='bbox 441 1789 470 1824; x_wconf 86' lang='lat' dir='ltr'>ex</span> <span class='ocrx_word' id='word_1_166' title='bbox 490 1775 548 1840; x_wconf 76' lang='lat' dir='ltr'>igne</span> <span class='ocrx_word' id='word_1_167' title='bbox 558 1789 644 1840; x_wconf 86' lang='lat' dir='ltr'>equem</span> <span class='ocrx_word' id='word_1_168' title='bbox 656 1773 792 1831; x_wconf 66' lang='lat' dir='ltr'>emmenum,</span> <span class='ocrx_word' id='word_1_169' title='bbox 808 1772 854 1822; x_wconf 90' lang='lat' dir='ltr'>uec&#39;</span> <span class='ocrx_word' id='word_1_170' title='bbox 863 1773 939 1822; x_wconf 82' lang='lat' dir='ltr'>multe</span> <span class='ocrx_word' id='word_1_171' title='bbox 949 1773 1018 1822; x_wconf 86' lang='lat' dir='ltr'>simul</span> <span class='ocrx_word' id='word_1_172' title='bbox 1029 1789 1058 1821; x_wconf 86' lang='lat' dir='ltr'>ex</span> <span class='ocrx_word' id='word_1_173' title='bbox 1068 1787 1118 1821; x_wconf 92' lang='lat' dir='ltr'>uuo</span> <span class='ocrx_word' id='word_1_174' title='bbox 1128 1771 1167 1820; x_wconf 87' lang='lat' dir='ltr'>rel</span> <span class='ocrx_word' id='word_1_175' title='bbox 1179 1785 1210 1820; x_wconf 82' lang='lat' dir='ltr'>ee</span> 
     </span>
     <span class='ocr_line' id='line_1_16' title="bbox 108 1849 1212 1922; baseline 0 -23"><span class='ocrx_word' id='word_1_176' title='bbox 108 1849 289 1910; x_wconf 80' lang='lat' dir='ltr'>multitunem,</span> <span class='ocrx_word' id='word_1_177' title='bbox 300 1855 384 1918; x_wconf 78' lang='lat' dir='ltr'>prime</span> <span class='ocrx_word' id='word_1_178' title='bbox 394 1861 437 1904; x_wconf 90' lang='lat' dir='ltr'>eut</span> <span class='ocrx_word' id='word_1_179' title='bbox 446 1849 556 1906; x_wconf 71' lang='lat' dir='ltr'>wenndm</span> <span class='ocrx_word' id='word_1_180' title='bbox 568 1863 611 1905; x_wconf 86' lang='lat' dir='ltr'>eut</span> <span class='ocrx_word' id='word_1_181' title='bbox 628 1855 702 1922; x_wconf 80' lang='lat' dir='ltr'>[sot]</span> <span class='ocrx_word' id='word_1_182' title='bbox 721 1857 795 1914; x_wconf 74' lang='lat' dir='ltr'>tertie</span> <span class='ocrx_word' id='word_1_183' title='bbox 801 1855 957 1920; x_wconf 78' lang='lat' dir='ltr'>generationis</span> <span class='ocrx_word' id='word_1_184' title='bbox 965 1853 1141 1918; x_wconf 71' lang='lat' dir='ltr'>participantis,</span> <span class='ocrx_word' id='word_1_185' title='bbox 1151 1851 1212 1900; x_wconf 90' lang='lat' dir='ltr'>mul-</span> 
     </span>
     <span class='ocr_line' id='line_1_17' title="bbox 105 1931 1210 2002; baseline 0.004 -24"><span class='ocrx_word' id='word_1_186' title='bbox 105 1931 213 1980; x_wconf 83' lang='lat' dir='ltr'>titudine</span> <span class='ocrx_word' id='word_1_187' title='bbox 224 1933 317 1982; x_wconf 86' lang='lat' dir='ltr'>infinite</span> <span class='ocrx_word' id='word_1_188' title='bbox 328 1937 464 2001; x_wconf 66' lang='lat' dir='ltr'>transpositi</span> <span class='ocrx_word' id='word_1_189' title='bbox 475 1937 547 2002; x_wconf 87' lang='lat' dir='ltr'>hujus</span> <span class='ocrx_word' id='word_1_190' title='bbox 557 1947 652 1987; x_wconf 75' lang='lat' dir='ltr'>ornatus</span> <span class='ocrx_word' id='word_1_191' title='bbox 662 1943 739 1986; x_wconf 85' lang='lat' dir='ltr'>erunt.</span> <span class='ocrx_word' id='word_1_192' title='bbox 749 1953 813 1985; x_wconf 89' lang='lat' dir='ltr'>nunc</span> <span class='ocrx_word' id='word_1_193' title='bbox 824 1943 903 1985; x_wconf 86' lang='lat' dir='ltr'>eutem</span> <span class='ocrx_word' id='word_1_194' title='bbox 919 1933 978 1984; x_wconf 87' lang='lat' dir='ltr'>mire</span> <span class='ocrx_word' id='word_1_195' title='bbox 991 1934 1095 1983; x_wconf 78' lang='lat' dir='ltr'>fecilites</span> <span class='ocrx_word' id='word_1_196' title='bbox 1113 1933 1139 1982; x_wconf 89' lang='lat' dir='ltr'>in</span> <span class='ocrx_word' id='word_1_197' title='bbox 1156 1932 1210 1997; x_wconf 84' lang='lat' dir='ltr'>ejus</span> 
     </span>
     <span class='ocr_line' id='line_1_18' title="bbox 109 2013 1209 2083; baseline 0.004 -25"><span class='ocrx_word' id='word_1_198' title='bbox 109 2025 186 2076; x_wconf 84' lang='lat' dir='ltr'>opere</span> <span class='ocrx_word' id='word_1_199' title='bbox 197 2016 242 2069; x_wconf 86' lang='lat' dir='ltr'>est,</span> <span class='ocrx_word' id='word_1_200' title='bbox 251 2015 292 2078; x_wconf 87' lang='lat' dir='ltr'>qui</span> <span class='ocrx_word' id='word_1_201' title='bbox 304 2015 346 2063; x_wconf 90' lang='lat' dir='ltr'>toti</span> <span class='ocrx_word' id='word_1_202' title='bbox 356 2017 474 2080; x_wconf 82' lang='lat' dir='ltr'>providet.</span> <span class='ocrx_word' id='word_1_203' title='bbox 502 2017 561 2068; x_wconf 80' lang='lat' dir='ltr'>Cur.</span> <span class='ocrx_word' id='word_1_204' title='bbox 571 2019 626 2076; x_wconf 87' lang='lat' dir='ltr'>Quo</span> <span class='ocrx_word' id='word_1_205' title='bbox 638 2025 709 2083; x_wconf 83' lang='lat' dir='ltr'>pecto</span> <span class='ocrx_word' id='word_1_206' title='bbox 718 2017 744 2067; x_wconf 91' lang='lat' dir='ltr'>id</span> <span class='ocrx_word' id='word_1_207' title='bbox 754 2033 831 2067; x_wconf 88' lang='lat' dir='ltr'>rursus</span> <span class='ocrx_word' id='word_1_208' title='bbox 842 2018 878 2065; x_wconf 88' lang='lat' dir='ltr'>sis</span> <span class='ocrx_word' id='word_1_209' title='bbox 890 2015 899 2064; x_wconf 86' lang='lat'>?</span> <span class='ocrx_word' id='word_1_210' title='bbox 926 2013 1031 2065; x_wconf 77' lang='lat' dir='ltr'>Areus.</span> <span class='ocrx_word' id='word_1_211' title='bbox 1041 2015 1088 2064; x_wconf 83' lang='lat' dir='ltr'>lte.</span> <span class='ocrx_word' id='word_1_212' title='bbox 1098 2013 1209 2080; x_wconf 78' lang='lat' dir='ltr'>quonium</span> 
     </span>
     <span class='ocr_line' id='line_1_19' title="bbox 107 2093 1210 2164; baseline 0.003 -23"><span class='ocrx_word' id='word_1_213' title='bbox 107 2104 151 2141; x_wconf 84' lang='lat' dir='ltr'>ree</span> <span class='ocrx_word' id='word_1_214' title='bbox 161 2093 268 2143; x_wconf 85' lang='lat' dir='ltr'>ectlones</span> <span class='ocrx_word' id='word_1_215' title='bbox 276 2095 397 2146; x_wconf 85' lang='lat' dir='ltr'>hominum</span> <span class='ocrx_word' id='word_1_216' title='bbox 408 2111 491 2148; x_wconf 87' lang='lat' dir='ltr'>omues</span> <span class='ocrx_word' id='word_1_217' title='bbox 502 2100 616 2148; x_wconf 64' lang='lat' dir='ltr'>eninm</span> <span class='ocrx_word' id='word_1_218' title='bbox 627 2113 678 2148; x_wconf 84' lang='lat' dir='ltr'>esse</span> <span class='ocrx_word' id='word_1_219' title='bbox 688 2099 819 2164; x_wconf 76' lang='lat' dir='ltr'>perspexit,</span> <span class='ocrx_word' id='word_1_220' title='bbox 829 2098 975 2161; x_wconf 79' lang='lat' dir='ltr'>multumque</span> <span class='ocrx_word' id='word_1_221' title='bbox 985 2099 1049 2160; x_wconf 84' lang='lat' dir='ltr'>ipses</span> <span class='ocrx_word' id='word_1_222' title='bbox 1060 2095 1085 2145; x_wconf 89' lang='lat' dir='ltr'>in</span> <span class='ocrx_word' id='word_1_223' title='bbox 1097 2111 1124 2145; x_wconf 89' lang='lat' dir='ltr'>se</span> <span class='ocrx_word' id='word_1_224' title='bbox 1134 2096 1210 2144; x_wconf 83' lang='lat' dir='ltr'>virtu-</span> 
     </span>
     <span class='ocr_line' id='line_1_20' title="bbox 106 2175 1210 2245; baseline 0.002 -23"><span class='ocrx_word' id='word_1_225' title='bbox 106 2177 169 2238; x_wconf 83' lang='lat' dir='ltr'>tem,</span> <span class='ocrx_word' id='word_1_226' title='bbox 189 2175 287 2224; x_wconf 76' lang='grc' dir='ltr'>ιιιιιῐιιιιι</span> <span class='ocrx_word' id='word_1_227' title='bbox 303 2176 375 2226; x_wconf 83' lang='lat' dir='ltr'>etiem</span> <span class='ocrx_word' id='word_1_228' title='bbox 394 2179 536 2244; x_wconf 86' lang='lat' dir='ltr'>preritetem</span> <span class='ocrx_word' id='word_1_229' title='bbox 556 2181 658 2240; x_wconf 78' lang='lat' dir='ltr'>hebere3</span> <span class='ocrx_word' id='word_1_230' title='bbox 675 2181 769 2245; x_wconf 81' lang='lat' dir='ltr'>quodve</span> <span class='ocrx_word' id='word_1_231' title='bbox 786 2179 875 2228; x_wconf 83' lang='lat' dir='ltr'>lectum</span> <span class='ocrx_word' id='word_1_232' title='bbox 892 2187 937 2236; x_wconf 90' lang='lat' dir='ltr'>est,</span> <span class='ocrx_word' id='word_1_233' title='bbox 953 2177 1057 2226; x_wconf 87' lang='lat' dir='ltr'>enimem</span> <span class='ocrx_word' id='word_1_234' title='bbox 1073 2182 1099 2226; x_wconf 91' lang='lat' dir='ltr'>et</span> <span class='ocrx_word' id='word_1_235' title='bbox 1113 2191 1210 2242; x_wconf 86' lang='lat' dir='ltr'>corpur,</span> 
     </span>
     <span class='ocr_line' id='line_1_21' title="bbox 108 2251 1211 2324; baseline 0.009 -23"><span class='ocrx_word' id='word_1_236' title='bbox 108 2251 273 2318; x_wconf 78' lang='lat' dir='ltr'>perditionem</span> <span class='ocrx_word' id='word_1_237' title='bbox 287 2271 337 2305; x_wconf 92' lang='lat' dir='ltr'>nou</span> <span class='ocrx_word' id='word_1_238' title='bbox 354 2257 510 2324; x_wconf 72' lang='lat' dir='ltr'>potiusque</span> <span class='ocrx_word' id='word_1_239' title='bbox 526 2269 606 2309; x_wconf 68' lang='lat' dir='ltr'>umen</span> <span class='ocrx_word' id='word_1_240' title='bbox 623 2269 739 2309; x_wconf 71' lang='lat' dir='ltr'>eternum</span> <span class='ocrx_word' id='word_1_241' title='bbox 756 2275 819 2314; x_wconf 88' lang='lat' dir='ltr'>esse,</span> <span class='ocrx_word' id='word_1_242' title='bbox 836 2273 884 2324; x_wconf 83' lang='lat' dir='ltr'>que</span> <span class='ocrx_word' id='word_1_243' title='bbox 900 2260 954 2323; x_wconf 78' lang='lat' dir='ltr'>lege</span> <span class='ocrx_word' id='word_1_244' title='bbox 971 2257 1015 2307; x_wconf 87' lang='lat' dir='ltr'>Dii</span> <span class='ocrx_word' id='word_1_245' title='bbox 1031 2263 1103 2307; x_wconf 89' lang='lat' dir='ltr'>suut:</span> <span class='ocrx_word' id='word_1_246' title='bbox 1121 2273 1176 2306; x_wconf 87' lang='lat' dir='ltr'>nem</span> <span class='ocrx_word' id='word_1_247' title='bbox 1188 2261 1211 2310; x_wconf 89' lang='lat' dir='ltr'>si</span> 
     </span>
     <span class='ocr_line' id='line_1_22' title="bbox 108 2335 1212 2404; baseline 0.005 -22"><span class='ocrx_word' id='word_1_248' title='bbox 108 2335 255 2384; x_wconf 88' lang='lat' dir='ltr'>elterntrum</span> <span class='ocrx_word' id='word_1_249' title='bbox 262 2337 345 2385; x_wconf 87' lang='lat' dir='ltr'>horum</span> <span class='ocrx_word' id='word_1_250' title='bbox 353 2339 504 2403; x_wconf 79' lang='lat' dir='ltr'>perderetur,</span> <span class='ocrx_word' id='word_1_251' title='bbox 513 2341 591 2388; x_wconf 88' lang='lat' dir='ltr'>omnis</span> <span class='ocrx_word' id='word_1_252' title='bbox 602 2345 707 2390; x_wconf 75' lang='lat' dir='ltr'>censeret</span> <span class='ocrx_word' id='word_1_253' title='bbox 717 2339 856 2389; x_wconf 86' lang='lat' dir='ltr'>enimelium</span> <span class='ocrx_word' id='word_1_254' title='bbox 864 2339 1002 2404; x_wconf 75' lang='lat' dir='ltr'>generatio:</span> <span class='ocrx_word' id='word_1_255' title='bbox 1020 2345 1137 2404; x_wconf 73' lang='lat' dir='ltr'>pretereo</span> <span class='ocrx_word' id='word_1_256' title='bbox 1146 2335 1212 2403; x_wconf 90' lang='lat' dir='ltr'>quod</span> 
     </span>
     <span class='ocr_line' id='line_1_23' title="bbox 107 2413 1212 2484; baseline 0.005 -22"><span class='ocrx_word' id='word_1_257' title='bbox 107 2413 191 2479; x_wconf 88' lang='lat' dir='ltr'>ipsius</span> <span class='ocrx_word' id='word_1_258' title='bbox 202 2415 287 2465; x_wconf 75' lang='lat' dir='ltr'>enimn</span> <span class='ocrx_word' id='word_1_259' title='bbox 296 2417 385 2467; x_wconf 87' lang='lat' dir='ltr'>bonum</span> <span class='ocrx_word' id='word_1_260' title='bbox 397 2427 436 2468; x_wconf 90' lang='lat' dir='ltr'>est</span> <span class='ocrx_word' id='word_1_261' title='bbox 442 2415 536 2483; x_wconf 73' lang='lat' dir='ltr'>jntme,</span> <span class='ocrx_word' id='word_1_262' title='bbox 548 2421 613 2484; x_wconf 86' lang='lat' dir='ltr'>quod</span> <span class='ocrx_word' id='word_1_263' title='bbox 621 2421 717 2477; x_wconf 89' lang='lat' dir='ltr'>melum,</span> <span class='ocrx_word' id='word_1_264' title='bbox 726 2427 810 2470; x_wconf 84' lang='lat' dir='ltr'>contre</span> <span class='ocrx_word' id='word_1_265' title='bbox 820 2435 907 2469; x_wconf 84' lang='lat' dir='ltr'>uouere</span> <span class='ocrx_word' id='word_1_266' title='bbox 920 2438 926 2466; x_wconf 96' lang='lat'><strong>:</strong></span> <span class='ocrx_word' id='word_1_267' title='bbox 943 2421 1003 2477; x_wconf 78' lang='lat' dir='ltr'>hec,</span> <span class='ocrx_word' id='word_1_268' title='bbox 1014 2419 1121 2484; x_wconf 81' lang='lat' dir='ltr'>inquom,</span> <span class='ocrx_word' id='word_1_269' title='bbox 1132 2420 1212 2468; x_wconf 88' lang='lat' dir='ltr'>omnie</span> 
     </span>
     <span class='ocr_line' id='line_1_24' title="bbox 109 2497 1212 2566; baseline 0.003 -22"><span class='ocrx_word' id='word_1_270' title='bbox 109 2497 228 2560; x_wconf 83' lang='lat' dir='ltr'>quonism</span> <span class='ocrx_word' id='word_1_271' title='bbox 244 2499 373 2562; x_wconf 79' lang='lat' dir='ltr'>perspexit,</span> <span class='ocrx_word' id='word_1_272' title='bbox 395 2500 484 2549; x_wconf 87' lang='lat' dir='ltr'>iccirco</span> <span class='ocrx_word' id='word_1_273' title='bbox 504 2501 657 2565; x_wconf 77' lang='lat' dir='ltr'>excogitavit,</span> <span class='ocrx_word' id='word_1_274' title='bbox 674 2501 717 2550; x_wconf 88' lang='lat' dir='ltr'>ubi</span> <span class='ocrx_word' id='word_1_275' title='bbox 727 2515 784 2566; x_wconf 81' lang='lat' dir='ltr'>pers</span> <span class='ocrx_word' id='word_1_276' title='bbox 794 2517 894 2566; x_wconf 78' lang='lat' dir='ltr'>queque</span> <span class='ocrx_word' id='word_1_277' title='bbox 905 2500 991 2557; x_wconf 85' lang='lat' dir='ltr'>locete,</span> <span class='ocrx_word' id='word_1_278' title='bbox 1002 2499 1111 2560; x_wconf 76' lang='lat' dir='ltr'>menime,</span> <span class='ocrx_word' id='word_1_279' title='bbox 1121 2500 1212 2564; x_wconf 88' lang='lat' dir='ltr'>optime</span> 
     </span>
     <span class='ocr_line' id='line_1_25' title="bbox 109 2575 1213 2646; baseline 0.001 -20"><span class='ocrx_word' id='word_1_280' title='bbox 109 2575 275 2643; x_wconf 80' lang='lat' dir='ltr'>mettttmeque</span> <span class='ocrx_word' id='word_1_281' title='bbox 294 2580 375 2630; x_wconf 80' lang='lat' dir='ltr'>virtuti</span> <span class='ocrx_word' id='word_1_282' title='bbox 396 2581 528 2640; x_wconf 79' lang='lat' dir='ltr'>victoriam,</span> <span class='ocrx_word' id='word_1_283' title='bbox 546 2583 606 2631; x_wconf 80' lang='lat' dir='ltr'>vitio</span> <span class='ocrx_word' id='word_1_284' title='bbox 626 2597 691 2640; x_wconf 89' lang='lat' dir='ltr'>rero,</span> <span class='ocrx_word' id='word_1_285' title='bbox 707 2599 739 2631; x_wconf 91' lang='lat' dir='ltr'>ne</span> <span class='ocrx_word' id='word_1_286' title='bbox 756 2581 845 2640; x_wconf 83' lang='lat' dir='ltr'>vincet,</span> <span class='ocrx_word' id='word_1_287' title='bbox 857 2581 1052 2646; x_wconf 83' lang='lat' dir='ltr'>impedimentum</span> <span class='ocrx_word' id='word_1_288' title='bbox 1063 2579 1090 2628; x_wconf 93' lang='lat' dir='ltr'>in</span> <span class='ocrx_word' id='word_1_289' title='bbox 1100 2580 1213 2628; x_wconf 84' lang='lat' dir='ltr'>universo</span> 
     </span>
     <span class='ocr_line' id='line_1_26' title="bbox 109 2655 1212 2728; baseline 0 -21"><span class='ocrx_word' id='word_1_290' title='bbox 109 2655 221 2724; x_wconf 64' lang='lat' dir='ltr'>prebere</span> <span class='ocrx_word' id='word_1_291' title='bbox 229 2659 314 2724; x_wconf 83' lang='lat' dir='ltr'>possit.</span> <span class='ocrx_word' id='word_1_292' title='bbox 325 2661 451 2712; x_wconf 81' lang='lat' dir='ltr'>edinvenit</span> <span class='ocrx_word' id='word_1_293' title='bbox 460 2663 534 2728; x_wconf 85' lang='lat' dir='ltr'>igitur</span> <span class='ocrx_word' id='word_1_294' title='bbox 543 2663 574 2712; x_wconf 81' lang='lat' dir='ltr'>ed</span> <span class='ocrx_word' id='word_1_295' title='bbox 584 2661 720 2712; x_wconf 81' lang='lat' dir='ltr'>universum</span> <span class='ocrx_word' id='word_1_296' title='bbox 730 2665 785 2720; x_wconf 88' lang='lat' dir='ltr'>hoc,</span> <span class='ocrx_word' id='word_1_297' title='bbox 796 2664 866 2728; x_wconf 81' lang='lat' dir='ltr'>quale</span> <span class='ocrx_word' id='word_1_298' title='bbox 876 2661 964 2712; x_wconf 87' lang='lat' dir='ltr'>lectum</span> <span class='ocrx_word' id='word_1_299' title='bbox 975 2659 1106 2726; x_wconf 77' lang='lat' dir='ltr'>quodtuet,</span> <span class='ocrx_word' id='word_1_300' title='bbox 1118 2659 1212 2724; x_wconf 86' lang='lat' dir='ltr'>quelem</span> 
     </span>
     <span class='ocr_line' id='line_1_27' title="bbox 111 2737 1212 2808; baseline 0.003 -21"><span class='ocrx_word' id='word_1_301' title='bbox 111 2737 198 2788; x_wconf 74' lang='lat' dir='ltr'>sedern</span> <span class='ocrx_word' id='word_1_302' title='bbox 216 2739 442 2808; x_wconf 84' lang='lat' dir='ltr'>lrebltetionernque,</span> <span class='ocrx_word' id='word_1_303' title='bbox 461 2751 487 2792; x_wconf 89' lang='lat' dir='ltr'>et</span> <span class='ocrx_word' id='word_1_304' title='bbox 501 2744 581 2808; x_wconf 83' lang='lat' dir='ltr'>quelle</span> <span class='ocrx_word' id='word_1_305' title='bbox 596 2745 650 2794; x_wconf 88' lang='lat' dir='ltr'>loce</span> <span class='ocrx_word' id='word_1_306' title='bbox 667 2743 748 2794; x_wconf 88' lang='lat' dir='ltr'>sortiri</span> <span class='ocrx_word' id='word_1_307' title='bbox 755 2745 850 2793; x_wconf 76' lang='lat' dir='ltr'>debeat</span> <span class='ocrx_word' id='word_1_308' title='bbox 866 2757 1015 2794; x_wconf 85' lang='lat' dir='ltr'>ceusesrem</span> <span class='ocrx_word' id='word_1_309' title='bbox 1024 2741 1080 2791; x_wconf 87' lang='lat' dir='ltr'>telis</span> <span class='ocrx_word' id='word_1_310' title='bbox 1090 2740 1212 2807; x_wconf 82' lang='lat' dir='ltr'>cujusdem</span> 
     </span>
     <span class='ocr_line' id='line_1_28' title="bbox 111 2820 1215 2890; baseline 0.004 -22"><span class='ocrx_word' id='word_1_311' title='bbox 111 2827 155 2869; x_wconf 77' lang='lat' dir='ltr'>eut</span> <span class='ocrx_word' id='word_1_312' title='bbox 165 2820 222 2869; x_wconf 78' lang='lat' dir='ltr'>tetis</span> <span class='ocrx_word' id='word_1_313' title='bbox 230 2821 344 2886; x_wconf 78' lang='lat' dir='ltr'>giguendi</span> <span class='ocrx_word' id='word_1_314' title='bbox 354 2823 514 2873; x_wconf 84' lang='lat' dir='ltr'>voluntetibus</span> <span class='ocrx_word' id='word_1_315' title='bbox 524 2826 615 2874; x_wconf 86' lang='lat' dir='ltr'>nostris</span> <span class='ocrx_word' id='word_1_316' title='bbox 626 2825 724 2874; x_wconf 86' lang='lat' dir='ltr'>dimisit.</span> <span class='ocrx_word' id='word_1_317' title='bbox 740 2827 875 2890; x_wconf 86' lang='lat' dir='ltr'>ubicunque</span> <span class='ocrx_word' id='word_1_318' title='bbox 884 2825 946 2872; x_wconf 90' lang='lat' dir='ltr'>enim</span> <span class='ocrx_word' id='word_1_319' title='bbox 958 2824 1012 2889; x_wconf 89' lang='lat' dir='ltr'>quis</span> <span class='ocrx_word' id='word_1_320' title='bbox 1022 2823 1112 2888; x_wconf 88' lang='lat' dir='ltr'>cupiet,</span> <span class='ocrx_word' id='word_1_321' title='bbox 1123 2823 1215 2888; x_wconf 86' lang='lat' dir='ltr'>quelis·</span> 
     </span>
     <span class='ocr_line' id='line_1_29' title="bbox 111 2901 1213 2970; baseline 0.004 -20"><span class='ocrx_word' id='word_1_322' title='bbox 111 2909 163 2965; x_wconf 79' lang='lat' dir='ltr'>que</span> <span class='ocrx_word' id='word_1_323' title='bbox 173 2901 267 2951; x_wconf 82' lang='lat' dir='ltr'>enimus</span> <span class='ocrx_word' id='word_1_324' title='bbox 277 2903 317 2960; x_wconf 87' lang='lat' dir='ltr'>sit,</span> <span class='ocrx_word' id='word_1_325' title='bbox 327 2903 361 2954; x_wconf 83' lang='lat' dir='ltr'>itt</span> <span class='ocrx_word' id='word_1_326' title='bbox 370 2905 443 2954; x_wconf 89' lang='lat' dir='ltr'>lerme</span> <span class='ocrx_word' id='word_1_327' title='bbox 454 2919 548 2970; x_wconf 85' lang='lat' dir='ltr'>semper</span> <span class='ocrx_word' id='word_1_328' title='bbox 558 2905 649 2955; x_wconf 84' lang='lat' dir='ltr'>hebitet</span> <span class='ocrx_word' id='word_1_329' title='bbox 659 2913 684 2954; x_wconf 87' lang='lat' dir='ltr'>et</span> <span class='ocrx_word' id='word_1_330' title='bbox 693 2905 749 2954; x_wconf 89' lang='lat' dir='ltr'>telis</span> <span class='ocrx_word' id='word_1_331' title='bbox 766 2907 793 2953; x_wconf 82' lang='lat' dir='ltr'>nt</span> <span class='ocrx_word' id='word_1_332' title='bbox 808 2913 835 2954; x_wconf 90' lang='lat' dir='ltr'>nt</span> <span class='ocrx_word' id='word_1_333' title='bbox 851 2906 985 2970; x_wconf 89' lang='lat' dir='ltr'>plurimum.</span> <span class='ocrx_word' id='word_1_334' title='bbox 1017 2903 1075 2955; x_wconf 83' lang='lat' dir='ltr'>Cer.</span> <span class='ocrx_word' id='word_1_335' title='bbox 1092 2903 1213 2969; x_wconf 77' lang='lat' dir='ltr'>congrue.</span> 
     </span>
     <span class='ocr_line' id='line_1_30' title="bbox 111 2979 1213 3052; baseline 0.003 -22"><span class='ocrx_word' id='word_1_336' title='bbox 111 2979 222 3032; x_wconf 73' lang='lat' dir='ltr'>Arnen.</span> <span class='ocrx_word' id='word_1_337' title='bbox 239 2981 394 3050; x_wconf 74' lang='lat' dir='ltr'>Quemque</span> <span class='ocrx_word' id='word_1_338' title='bbox 407 2987 479 3052; x_wconf 73' lang='lat' dir='ltr'>igitur</span> <span class='ocrx_word' id='word_1_339' title='bbox 490 2987 591 3036; x_wconf 79' lang='lat' dir='ltr'>animem</span> <span class='ocrx_word' id='word_1_340' title='bbox 602 2987 698 3044; x_wconf 83' lang='lat' dir='ltr'>hebent,</span> <span class='ocrx_word' id='word_1_341' title='bbox 708 2993 909 3035; x_wconf 76' lang='lat' dir='ltr'>transmutentur:</span> <span class='ocrx_word' id='word_1_342' title='bbox 928 2987 1016 3051; x_wconf 90' lang='lat' dir='ltr'>quippe</span> <span class='ocrx_word' id='word_1_343' title='bbox 1027 3001 1082 3034; x_wconf 87' lang='lat' dir='ltr'>cum</span> <span class='ocrx_word' id='word_1_344' title='bbox 1093 2992 1213 3034; x_wconf 87' lang='lat' dir='ltr'>trensmu·</span> 
     </span>
     <span class='ocr_line' id='line_1_31' title="bbox 110 3061 1212 3130; baseline 0.004 -20"><span class='ocrx_word' id='word_1_345' title='bbox 110 3061 214 3111; x_wconf 83' lang='lat' dir='ltr'>tetionls</span> <span class='ocrx_word' id='word_1_346' title='bbox 230 3063 255 3112; x_wconf 91' lang='lat' dir='ltr'>in</span> <span class='ocrx_word' id='word_1_347' title='bbox 275 3077 301 3113; x_wconf 85' lang='lat' dir='ltr'>se</span> <span class='ocrx_word' id='word_1_348' title='bbox 318 3063 376 3130; x_wconf 87' lang='lat' dir='ltr'>ipsis</span> <span class='ocrx_word' id='word_1_349' title='bbox 396 3081 494 3116; x_wconf 86' lang='lat' dir='ltr'>ceusem</span> <span class='ocrx_word' id='word_1_350' title='bbox 508 3069 622 3116; x_wconf 86' lang='lat' dir='ltr'>hebeeut.</span> <span class='ocrx_word' id='word_1_351' title='bbox 636 3073 794 3116; x_wconf 75' lang='lat' dir='ltr'>transmutato</span> <span class='ocrx_word' id='word_1_352' title='bbox 809 3066 940 3116; x_wconf 90' lang='lat' dir='ltr'>secuudum</span> <span class='ocrx_word' id='word_1_353' title='bbox 957 3066 1066 3115; x_wconf 86' lang='lat' dir='ltr'>ordinem</span> <span class='ocrx_word' id='word_1_354' title='bbox 1086 3065 1212 3130; x_wconf 78' lang='lat' dir='ltr'>legemque</span> 
     </span>
     <span class='ocr_line' id='line_1_32' title="bbox 110 3143 1214 3213; baseline -0.001 -19"><span class='ocrx_word' id='word_1_355' title='bbox 110 3143 218 3193; x_wconf 77' lang='lat' dir='ltr'>fetorem</span> <span class='ocrx_word' id='word_1_356' title='bbox 226 3143 344 3195; x_wconf 79' lang='lat' dir='ltr'>feruutur.</span> <span class='ocrx_word' id='word_1_357' title='bbox 361 3154 449 3213; x_wconf 80' lang='lat' dir='ltr'>etque</span> <span class='ocrx_word' id='word_1_358' title='bbox 460 3147 540 3196; x_wconf 89' lang='lat' dir='ltr'>minus</span> <span class='ocrx_word' id='word_1_359' title='bbox 558 3155 696 3212; x_wconf 87' lang='lat' dir='ltr'>peoesrunt,</span> <span class='ocrx_word' id='word_1_360' title='bbox 707 3149 786 3198; x_wconf 82' lang='lat' dir='ltr'>minus</span> <span class='ocrx_word' id='word_1_361' title='bbox 797 3147 928 3212; x_wconf 77' lang='lat' dir='ltr'>profunde,</span> <span class='ocrx_word' id='word_1_362' title='bbox 940 3161 968 3195; x_wconf 90' lang='lat' dir='ltr'>ec</span> <span class='ocrx_word' id='word_1_363' title='bbox 980 3147 1004 3195; x_wconf 91' lang='lat' dir='ltr'>in</span> <span class='ocrx_word' id='word_1_364' title='bbox 1014 3145 1119 3212; x_wconf 74' lang='lat' dir='ltr'>regionis</span> <span class='ocrx_word' id='word_1_365' title='bbox 1129 3161 1214 3210; x_wconf 89' lang='lat' dir='ltr'>super·</span> 
     </span>
     <span class='ocr_line' id='line_1_33' title="bbox 114 3223 1213 3293; baseline 0.001 -21"><span class='ocrx_word' id='word_1_366' title='bbox 114 3223 169 3272; x_wconf 85' lang='lat' dir='ltr'>licie</span> <span class='ocrx_word' id='word_1_367' title='bbox 178 3233 312 3289; x_wconf 75' lang='lat' dir='ltr'>reguntur:</span> <span class='ocrx_word' id='word_1_368' title='bbox 330 3241 384 3292; x_wconf 82' lang='lat' dir='ltr'>qum</span> <span class='ocrx_word' id='word_1_369' title='bbox 395 3229 472 3293; x_wconf 69' lang='lat' dir='ltr'>msgls</span> <span class='ocrx_word' id='word_1_370' title='bbox 483 3237 554 3292; x_wconf 88' lang='lat' dir='ltr'>etque</span> <span class='ocrx_word' id='word_1_371' title='bbox 565 3229 679 3291; x_wconf 71' lang='lat' dir='ltr'>strenus,</span> <span class='ocrx_word' id='word_1_372' title='bbox 689 3229 805 3277; x_wconf 87' lang='lat' dir='ltr'>decidunt</span> <span class='ocrx_word' id='word_1_373' title='bbox 814 3228 839 3276; x_wconf 91' lang='lat' dir='ltr'>in</span> <span class='ocrx_word' id='word_1_374' title='bbox 850 3227 994 3292; x_wconf 87' lang='lat' dir='ltr'>protundum</span> <span class='ocrx_word' id='word_1_375' title='bbox 1010 3233 1035 3275; x_wconf 90' lang='lat' dir='ltr'>et</span> <span class='ocrx_word' id='word_1_376' title='bbox 1051 3227 1076 3274; x_wconf 91' lang='lat' dir='ltr'>in</span> <span class='ocrx_word' id='word_1_377' title='bbox 1090 3226 1213 3290; x_wconf 76' lang='lat' dir='ltr'>regionem</span> 
     </span>
     <span class='ocr_line' id='line_1_34' title="bbox 113 3303 1216 3374; baseline 0.003 -21"><span class='ocrx_word' id='word_1_378' title='bbox 113 3303 253 3354; x_wconf 81' lang='lat' dir='ltr'>interiorem</span> <span class='ocrx_word' id='word_1_379' title='bbox 263 3307 414 3368; x_wconf 83' lang='lat' dir='ltr'>delebuntur,</span> <span class='ocrx_word' id='word_1_380' title='bbox 426 3323 497 3374; x_wconf 84' lang='lat' dir='ltr'>quem</span> <span class='ocrx_word' id='word_1_381' title='bbox 507 3309 640 3359; x_wconf 81' lang='lat' dir='ltr'>interorum</span> <span class='ocrx_word' id='word_1_382' title='bbox 651 3309 765 3359; x_wconf 87' lang='lat' dir='ltr'>roeebulo</span> <span class='ocrx_word' id='word_1_383' title='bbox 772 3307 935 3372; x_wconf 88' lang='lat' dir='ltr'>similibusque</span> <span class='ocrx_word' id='word_1_384' title='bbox 943 3307 1080 3355; x_wconf 87' lang='lat' dir='ltr'>nominibus</span> <span class='ocrx_word' id='word_1_385' title='bbox 1089 3307 1216 3371; x_wconf 76' lang='lat' dir='ltr'>appellen·</span> 
     </span>
     <span class='ocr_line' id='line_1_35' title="bbox 113 3387 1213 3455; baseline 0.001 -21"><span class='ocrx_word' id='word_1_386' title='bbox 113 3391 161 3445; x_wconf 87' lang='lat' dir='ltr'>tes,</span> <span class='ocrx_word' id='word_1_387' title='bbox 171 3392 219 3436; x_wconf 80' lang='grc' dir='ltr'>ιιιιιι</span> <span class='ocrx_word' id='word_1_388' title='bbox 230 3387 337 3438; x_wconf 67' lang='lat' dir='ltr'>vivente</span> <span class='ocrx_word' id='word_1_389' title='bbox 346 3403 417 3454; x_wconf 87' lang='lat' dir='ltr'>quem</span> <span class='ocrx_word' id='word_1_390' title='bbox 427 3407 442 3440; x_wconf 88' lang='lat' dir='ltr'>e</span> <span class='ocrx_word' id='word_1_391' title='bbox 452 3391 588 3455; x_wconf 83' lang='lat' dir='ltr'>corporibus</span> <span class='ocrx_word' id='word_1_392' title='bbox 599 3390 681 3448; x_wconf 85' lang='lat' dir='ltr'>soluti,</span> <span class='ocrx_word' id='word_1_393' title='bbox 691 3389 810 3438; x_wconf 85' lang='lat' dir='ltr'>somnient</span> <span class='ocrx_word' id='word_1_394' title='bbox 819 3397 891 3454; x_wconf 84' lang='lat' dir='ltr'>etque</span> <span class='ocrx_word' id='word_1_395' title='bbox 902 3387 1039 3437; x_wconf 76' lang='lat' dir='ltr'>formident.</span> <span class='ocrx_word' id='word_1_396' title='bbox 1056 3387 1134 3436; x_wconf 81' lang='lat' dir='ltr'>enims</span> <span class='ocrx_word' id='word_1_397' title='bbox 1144 3401 1213 3445; x_wconf 86' lang='lat' dir='ltr'>vero,</span> 
     </span>
     <span class='ocr_line' id='line_1_36' title="bbox 112 3467 1214 3537; baseline 0 -21"><span class='ocrx_word' id='word_1_398' title='bbox 112 3477 169 3530; x_wconf 70' lang='lat' dir='ltr'>qna</span> <span class='ocrx_word' id='word_1_399' title='bbox 186 3467 285 3532; x_wconf 69' lang='lat' dir='ltr'>majoris</span> <span class='ocrx_word' id='word_1_400' title='bbox 300 3471 394 3521; x_wconf 78' lang='lat' dir='ltr'>virtutis</span> <span class='ocrx_word' id='word_1_401' title='bbox 411 3472 449 3521; x_wconf 82' lang='lat' dir='ltr'>vel</span> <span class='ocrx_word' id='word_1_402' title='bbox 464 3472 518 3520; x_wconf 83' lang='lat' dir='ltr'>vitii</span> <span class='ocrx_word' id='word_1_403' title='bbox 534 3487 632 3537; x_wconf 87' lang='lat' dir='ltr'>compos</span> <span class='ocrx_word' id='word_1_404' title='bbox 646 3477 692 3535; x_wconf 87' lang='lat' dir='ltr'>est,</span> <span class='ocrx_word' id='word_1_405' title='bbox 708 3469 803 3536; x_wconf 88' lang='lat' dir='ltr'>queudo</span> <span class='ocrx_word' id='word_1_406' title='bbox 820 3469 917 3536; x_wconf 84' lang='lat' dir='ltr'>proprie</span> <span class='ocrx_word' id='word_1_407' title='bbox 931 3469 1055 3517; x_wconf 84' lang='lat' dir='ltr'>voluntete</span> <span class='ocrx_word' id='word_1_408' title='bbox 1071 3476 1098 3517; x_wconf 87' lang='lat' dir='ltr'>st</span> <span class='ocrx_word' id='word_1_409' title='bbox 1119 3467 1214 3516; x_wconf 87' lang='lat' dir='ltr'>eseidue</span> 
     </span>
     <span class='ocr_line' id='line_1_37' title="bbox 113 3548 1214 3618; baseline 0.002 -23"><span class='ocrx_word' id='word_1_410' title='bbox 113 3548 287 3598; x_wconf 82' lang='lat' dir='ltr'>eonmstudiue</span> <span class='ocrx_word' id='word_1_411' title='bbox 301 3551 464 3602; x_wconf 82' lang='lat' dir='ltr'>vehementius</span> <span class='ocrx_word' id='word_1_412' title='bbox 480 3559 624 3618; x_wconf 76' lang='lat' dir='ltr'>permutata,</span> <span class='ocrx_word' id='word_1_413' title='bbox 641 3551 729 3600; x_wconf 83' lang='lat' dir='ltr'>dirime</span> <span class='ocrx_word' id='word_1_414' title='bbox 747 3551 827 3600; x_wconf 81' lang='lat' dir='ltr'>virtuti</span> <span class='ocrx_word' id='word_1_415' title='bbox 844 3549 951 3606; x_wconf 73' lang='lat' dir='ltr'>adhesit,</span> <span class='ocrx_word' id='word_1_416' title='bbox 968 3549 1070 3614; x_wconf 84' lang='lat' dir='ltr'>telisque</span> <span class='ocrx_word' id='word_1_417' title='bbox 1093 3548 1214 3614; x_wconf 73' lang='lat' dir='ltr'>precipue</span> 
     </span>
     <span class='ocr_line' id='line_1_38' title="bbox 114 3625 1216 3698; baseline -0.001 -19"><span class='ocrx_word' id='word_1_418' title='bbox 114 3625 179 3676; x_wconf 64' lang='lat' dir='ltr'>lecte</span> <span class='ocrx_word' id='word_1_419' title='bbox 195 3637 241 3686; x_wconf 82' lang='lat' dir='ltr'>est,</span> <span class='ocrx_word' id='word_1_420' title='bbox 258 3631 284 3679; x_wconf 91' lang='lat' dir='ltr'>in</span> <span class='ocrx_word' id='word_1_421' title='bbox 301 3633 379 3681; x_wconf 87' lang='lat' dir='ltr'>locum</span> <span class='ocrx_word' id='word_1_422' title='bbox 397 3631 507 3683; x_wconf 87' lang='lat' dir='ltr'>similiter</span> <span class='ocrx_word' id='word_1_423' title='bbox 523 3633 594 3698; x_wconf 82' lang='lat' dir='ltr'>longe</span> <span class='ocrx_word' id='word_1_424' title='bbox 611 3633 729 3683; x_wconf 85' lang='lat' dir='ltr'>meliorem</span> <span class='ocrx_word' id='word_1_425' title='bbox 747 3641 902 3695; x_wconf 72' lang='lat' dir='ltr'>sanctumque</span> <span class='ocrx_word' id='word_1_426' title='bbox 918 3630 1071 3680; x_wconf 83' lang='lat' dir='ltr'>trenstertur:</span> <span class='ocrx_word' id='word_1_427' title='bbox 1089 3645 1143 3694; x_wconf 82' lang='lat' dir='ltr'>ques</span> <span class='ocrx_word' id='word_1_428' title='bbox 1159 3643 1216 3678; x_wconf 83' lang='lat' dir='ltr'>reru</span> 
     </span>
     <span class='ocr_line' id='line_1_39' title="bbox 115 3699 1216 3776; baseline 0.003 -19"><span class='ocrx_word' id='word_1_429' title='bbox 115 3709 235 3760; x_wconf 70' lang='lat' dir='ltr'>connmio</span> <span class='ocrx_word' id='word_1_430' title='bbox 250 3711 322 3762; x_wconf 86' lang='lat' dir='ltr'>modo</span> <span class='ocrx_word' id='word_1_431' title='bbox 345 3711 433 3764; x_wconf 73' lang='lat' dir='ltr'>effecte</span> <span class='ocrx_word' id='word_1_432' title='bbox 455 3721 500 3773; x_wconf 84' lang='lat' dir='ltr'>est,</span> <span class='ocrx_word' id='word_1_433' title='bbox 523 3715 548 3763; x_wconf 89' lang='lat' dir='ltr'>in</span> <span class='ocrx_word' id='word_1_434' title='bbox 572 3715 715 3764; x_wconf 77' lang='lat' dir='ltr'>contrarium</span> <span class='ocrx_word' id='word_1_435' title='bbox 735 3713 850 3772; x_wconf 77' lang='lat' dir='ltr'>trsnelete</span> <span class='ocrx_word' id='word_1_436' title='bbox 870 3713 944 3762; x_wconf 76' lang='lat' dir='ltr'>vitam</span> <span class='ocrx_word' id='word_1_437' title='bbox 964 3711 1056 3776; x_wconf 78' lang='lat' dir='ltr'>prmglt</span> <span class='ocrx_word' id='word_1_438' title='bbox 1074 3725 1148 3759; x_wconf 89' lang='lat' dir='ltr'>suem.</span> <span class='ocrx_word' id='word_1_439' title='bbox 1157 3699 1159 3704; x_wconf 39' lang='lat'><strong>¹</strong></span> <span class='ocrx_word' id='word_1_440' title='bbox 1169 3711 1216 3760; x_wconf 90' lang='lat' dir='ltr'>hoc</span> 
     </span>
     <span class='ocr_line' id='line_1_40' title="bbox 116 3789 1216 3860; baseline 0 -21"><span class='ocrx_word' id='word_1_441' title='bbox 116 3789 236 3850; x_wconf 85' lang='lat' dir='ltr'>Deormn,</span> <span class='ocrx_word' id='word_1_442' title='bbox 252 3793 294 3858; x_wconf 84' lang='lat' dir='ltr'>qul</span> <span class='ocrx_word' id='word_1_443' title='bbox 310 3797 396 3844; x_wconf 85' lang='lat' dir='ltr'>coelum</span> <span class='ocrx_word' id='word_1_444' title='bbox 405 3795 522 3853; x_wconf 86' lang='lat' dir='ltr'>trebitent,</span> <span class='ocrx_word' id='word_1_445' title='bbox 533 3811 548 3845; x_wconf 95' lang='lat' dir='ltr'>o</span> <span class='ocrx_word' id='word_1_446' title='bbox 560 3811 619 3860; x_wconf 86' lang='lat' dir='ltr'>puer</span> <span class='ocrx_word' id='word_1_447' title='bbox 628 3803 653 3844; x_wconf 92' lang='lat' dir='ltr'>et</span> <span class='ocrx_word' id='word_1_448' title='bbox 664 3797 811 3852; x_wconf 84' lang='lat' dir='ltr'>edoleseene,</span> <span class='ocrx_word' id='word_1_449' title='bbox 822 3794 864 3859; x_wconf 91' lang='lat' dir='ltr'>qui</span> <span class='ocrx_word' id='word_1_450' title='bbox 874 3809 889 3841; x_wconf 91' lang='lat' dir='ltr'>e</span> <span class='ocrx_word' id='word_1_451' title='bbox 899 3791 955 3841; x_wconf 86' lang='lat' dir='ltr'>Diis</span> <span class='ocrx_word' id='word_1_452' title='bbox 964 3791 1053 3856; x_wconf 79' lang='lat' dir='ltr'>negligi</span> <span class='ocrx_word' id='word_1_453' title='bbox 1063 3791 1216 3856; x_wconf 85' lang='lat' dir='ltr'>putes,judi·</span> 
     </span>
     <span class='ocr_line' id='line_1_41' title="bbox 115 3869 1217 3941; baseline -0.002 -21"><span class='ocrx_word' id='word_1_454' title='bbox 115 3869 181 3920; x_wconf 83' lang='lat' dir='ltr'>olum</span> <span class='ocrx_word' id='word_1_455' title='bbox 197 3879 245 3932; x_wconf 85' lang='lat' dir='ltr'>est,</span> <span class='ocrx_word' id='word_1_456' title='bbox 261 3881 288 3921; x_wconf 89' lang='lat' dir='ltr'>nt</span> <span class='ocrx_word' id='word_1_457' title='bbox 303 3875 344 3938; x_wconf 88' lang='lat' dir='ltr'>qui</span> <span class='ocrx_word' id='word_1_458' title='bbox 362 3876 430 3940; x_wconf 88' lang='lat' dir='ltr'>pejor</span> <span class='ocrx_word' id='word_1_459' title='bbox 441 3877 479 3932; x_wconf 91' lang='lat' dir='ltr'>sit,</span> <span class='ocrx_word' id='word_1_460' title='bbox 490 3878 520 3924; x_wconf 89' lang='lat' dir='ltr'>ed</span> <span class='ocrx_word' id='word_1_461' title='bbox 531 3875 634 3941; x_wconf 84' lang='lat' dir='ltr'>pejores,</span> <span class='ocrx_word' id='word_1_462' title='bbox 646 3877 687 3940; x_wconf 90' lang='lat' dir='ltr'>qui</span> <span class='ocrx_word' id='word_1_463' title='bbox 698 3875 791 3933; x_wconf 85' lang='lat' dir='ltr'>melior,</span> <span class='ocrx_word' id='word_1_464' title='bbox 802 3875 831 3923; x_wconf 85' lang='lat' dir='ltr'>ed</span> <span class='ocrx_word' id='word_1_465' title='bbox 843 3873 949 3922; x_wconf 87' lang='lat' dir='ltr'>meliores</span> <span class='ocrx_word' id='word_1_466' title='bbox 960 3873 1059 3930; x_wconf 88' lang='lat' dir='ltr'>enimes,</span> <span class='ocrx_word' id='word_1_467' title='bbox 1070 3881 1120 3920; x_wconf 88' lang='lat' dir='ltr'>tem</span> <span class='ocrx_word' id='word_1_468' title='bbox 1130 3870 1155 3918; x_wconf 91' lang='lat' dir='ltr'>iu</span> <span class='ocrx_word' id='word_1_469' title='bbox 1165 3871 1217 3918; x_wconf 86' lang='lat' dir='ltr'>rite</span> 
     </span>
     <span class='ocr_line' id='line_1_42' title="bbox 113 3951 1216 4024; baseline 0 -24"><span class='ocrx_word' id='word_1_470' title='bbox 113 3965 187 4016; x_wconf 76' lang='lat' dir='ltr'>quem</span> <span class='ocrx_word' id='word_1_471' title='bbox 196 3951 222 4000; x_wconf 90' lang='lat' dir='ltr'>iu</span> <span class='ocrx_word' id='word_1_472' title='bbox 233 3953 299 4003; x_wconf 85' lang='lat' dir='ltr'>omni</span> <span class='ocrx_word' id='word_1_473' title='bbox 310 3965 385 4005; x_wconf 87' lang='lat' dir='ltr'>morte</span> <span class='ocrx_word' id='word_1_474' title='bbox 396 3957 569 4020; x_wconf 79' lang='lat' dir='ltr'>proficiscetur,</span> <span class='ocrx_word' id='word_1_475' title='bbox 579 3955 731 4024; x_wconf 80' lang='lat' dir='ltr'>patiaturque</span> <span class='ocrx_word' id='word_1_476' title='bbox 744 3965 769 4005; x_wconf 90' lang='lat' dir='ltr'>et</span> <span class='ocrx_word' id='word_1_477' title='bbox 779 3962 842 4021; x_wconf 80' lang='lat' dir='ltr'>eget,</span> <span class='ocrx_word' id='word_1_478' title='bbox 854 3969 907 4019; x_wconf 79' lang='lat' dir='ltr'>que</span> <span class='ocrx_word' id='word_1_479' title='bbox 919 3951 1062 4002; x_wconf 87' lang='lat' dir='ltr'>esimilibus</span> <span class='ocrx_word' id='word_1_480' title='bbox 1078 3953 1109 4001; x_wconf 89' lang='lat' dir='ltr'>ed</span> <span class='ocrx_word' id='word_1_481' title='bbox 1125 3951 1216 4001; x_wconf 87' lang='lat' dir='ltr'>similes</span> 
     </span>
     <span class='ocr_line' id='line_1_43' title="bbox 114 4031 1216 4102; baseline 0 -20"><span class='ocrx_word' id='word_1_482' title='bbox 114 4033 169 4082; x_wconf 78' lang='lat' dir='ltr'>fieri</span> <span class='ocrx_word' id='word_1_483' title='bbox 180 4041 284 4098; x_wconf 84' lang='lat' dir='ltr'>oportet.</span> <span class='ocrx_word' id='word_1_484' title='bbox 303 4033 376 4100; x_wconf 76' lang='lat'><strong>[⁹05]</strong></span> <span class='ocrx_word' id='word_1_485' title='bbox 391 4051 465 4102; x_wconf 87' lang='lat' dir='ltr'>quere</span> <span class='ocrx_word' id='word_1_486' title='bbox 475 4051 521 4086; x_wconf 88' lang='lat' dir='ltr'>nec</span> <span class='ocrx_word' id='word_1_487' title='bbox 533 4045 561 4086; x_wconf 88' lang='lat' dir='ltr'>tu</span> <span class='ocrx_word' id='word_1_488' title='bbox 570 4051 616 4086; x_wconf 86' lang='lat' dir='ltr'>nec</span> <span class='ocrx_word' id='word_1_489' title='bbox 627 4037 690 4087; x_wconf 89' lang='lat' dir='ltr'>elius</span> <span class='ocrx_word' id='word_1_490' title='bbox 701 4039 765 4087; x_wconf 87' lang='lat' dir='ltr'>ullus</span> <span class='ocrx_word' id='word_1_491' title='bbox 775 4043 845 4101; x_wconf 91' lang='lat' dir='ltr'>optet</span> <span class='ocrx_word' id='word_1_492' title='bbox 854 4033 1006 4098; x_wconf 75' lang='lat' dir='ltr'>confiditque</span> <span class='ocrx_word' id='word_1_493' title='bbox 1015 4049 1041 4082; x_wconf 90' lang='lat' dir='ltr'>se</span> <span class='ocrx_word' id='word_1_494' title='bbox 1052 4031 1216 4082; x_wconf 86' lang='lat' dir='ltr'>edeolelicern</span> 
     </span>
     <span class='ocr_line' id='line_1_44' title="bbox 113 4114 1218 4184; baseline 0.001 -22"><span class='ocrx_word' id='word_1_495' title='bbox 113 4114 175 4172; x_wconf 84' lang='lat' dir='ltr'>iore,</span> <span class='ocrx_word' id='word_1_496' title='bbox 191 4121 221 4165; x_wconf 88' lang='lat' dir='ltr'>nt</span> <span class='ocrx_word' id='word_1_497' title='bbox 234 4115 354 4179; x_wconf 85' lang='lat' dir='ltr'>judicium</span> <span class='ocrx_word' id='word_1_498' title='bbox 370 4119 415 4168; x_wconf 87' lang='lat' dir='ltr'>hoc</span> <span class='ocrx_word' id='word_1_499' title='bbox 432 4119 540 4168; x_wconf 84' lang='lat' dir='ltr'>Deorum</span> <span class='ocrx_word' id='word_1_500' title='bbox 558 4119 659 4184; x_wconf 71' lang='lat' dir='ltr'>effugiet</span> <span class='ocrx_word' id='word_1_501' title='bbox 669 4127 741 4184; x_wconf 87' lang='lat' dir='ltr'>etque</span> <span class='ocrx_word' id='word_1_502' title='bbox 751 4124 887 4182; x_wconf 87' lang='lat' dir='ltr'>essuperet.</span> <span class='ocrx_word' id='word_1_503' title='bbox 905 4131 961 4164; x_wconf 88' lang='lat' dir='ltr'>nem</span> <span class='ocrx_word' id='word_1_504' title='bbox 972 4115 1014 4180; x_wconf 87' lang='lat' dir='ltr'>qul</span> <span class='ocrx_word' id='word_1_505' title='bbox 1025 4117 1069 4164; x_wconf 90' lang='lat' dir='ltr'>hoc</span> <span class='ocrx_word' id='word_1_506' title='bbox 1078 4120 1218 4172; x_wconf 73' lang='lat' dir='ltr'>sanxerunt,</span> 
     </span>
     <span class='ocr_line' id='line_1_45' title="bbox 115 4191 1218 4261; baseline -0.001 -16"><span class='ocrx_word' id='word_1_507' title='bbox 115 4191 210 4245; x_wconf 69' lang='lat' dir='ltr'>truie·</span> <span class='ocrx_word' id='word_1_508' title='bbox 222 4209 293 4260; x_wconf 72' lang='grc' dir='ltr'>(ιιιιιιιι</span> <span class='ocrx_word' id='word_1_509' title='bbox 303 4207 384 4248; x_wconf 88' lang='lat' dir='ltr'>cetere</span> <span class='ocrx_word' id='word_1_510' title='bbox 394 4199 475 4248; x_wconf 88' lang='lat' dir='ltr'>omnis</span> <span class='ocrx_word' id='word_1_511' title='bbox 486 4201 645 4259; x_wconf 72' lang='lat' dir='ltr'>stabilierunt,</span> <span class='ocrx_word' id='word_1_512' title='bbox 657 4208 685 4249; x_wconf 93' lang='lat' dir='ltr'>ut</span> <span class='ocrx_word' id='word_1_513' title='bbox 695 4199 828 4250; x_wconf 77' lang='lat' dir='ltr'>cer-endum</span> <span class='ocrx_word' id='word_1_514' title='bbox 844 4197 940 4246; x_wconf 89' lang='lat' dir='ltr'>omnino</span> <span class='ocrx_word' id='word_1_515' title='bbox 957 4197 997 4246; x_wconf 91' lang='lat' dir='ltr'>sit.</span> <span class='ocrx_word' id='word_1_516' title='bbox 1013 4211 1137 4261; x_wconf 70' lang='lat' dir='ltr'>nunquam</span> <span class='ocrx_word' id='word_1_517' title='bbox 1153 4195 1218 4245; x_wconf 87' lang='lat' dir='ltr'>enim</span> 
     </span>
     <span class='ocr_line' id='line_1_46' title="bbox 116 4271 1218 4348; baseline 0 -24"><span class='ocrx_word' id='word_1_518' title='bbox 116 4273 150 4324; x_wconf 76' lang='lat' dir='ltr'>so</span> <span class='ocrx_word' id='word_1_519' title='bbox 163 4273 209 4325; x_wconf 89' lang='lat' dir='ltr'>illo</span> <span class='ocrx_word' id='word_1_520' title='bbox 224 4277 363 4343; x_wconf 73' lang='lat' dir='ltr'>negligetis,</span> <span class='ocrx_word' id='word_1_521' title='bbox 379 4295 425 4329; x_wconf 88' lang='lat' dir='ltr'>nee</span> <span class='ocrx_word' id='word_1_522' title='bbox 444 4281 463 4328; x_wconf 88' lang='lat' dir='ltr'>si</span> <span class='ocrx_word' id='word_1_523' title='bbox 474 4281 509 4330; x_wconf 91' lang='lat' dir='ltr'>lte</span> <span class='ocrx_word' id='word_1_524' title='bbox 519 4288 606 4348; x_wconf 69' lang='lat' dir='ltr'>pertus</span> <span class='ocrx_word' id='word_1_525' title='bbox 617 4283 658 4338; x_wconf 90' lang='lat' dir='ltr'>sis,</span> <span class='ocrx_word' id='word_1_526' title='bbox 670 4289 697 4330; x_wconf 90' lang='lat' dir='ltr'>ut</span> <span class='ocrx_word' id='word_1_527' title='bbox 710 4282 735 4330; x_wconf 93' lang='lat' dir='ltr'>in</span> <span class='ocrx_word' id='word_1_528' title='bbox 746 4289 815 4330; x_wconf 78' lang='lat' dir='ltr'>terre</span> <span class='ocrx_word' id='word_1_529' title='bbox 827 4279 972 4345; x_wconf 80' lang='lat' dir='ltr'>protundum</span> <span class='ocrx_word' id='word_1_530' title='bbox 979 4277 1129 4343; x_wconf 79' lang='lat' dir='ltr'>ingredieris,</span> <span class='ocrx_word' id='word_1_531' title='bbox 1140 4291 1186 4326; x_wconf 85' lang='lat' dir='ltr'>nec</span> <span class='ocrx_word' id='word_1_532' title='bbox 1198 4271 1218 4324; x_wconf 82' lang='lat' dir='ltr'>el</span> 
     </span>
     <span class='ocr_line' id='line_1_47' title="bbox 114 4353 1219 4424; baseline -0.003 -18"><span class='ocrx_word' id='word_1_533' title='bbox 114 4356 178 4406; x_wconf 79' lang='lat' dir='ltr'>odeo</span> <span class='ocrx_word' id='word_1_534' title='bbox 187 4357 297 4408; x_wconf 74' lang='lat' dir='ltr'>sublimis</span> <span class='ocrx_word' id='word_1_535' title='bbox 307 4358 359 4417; x_wconf 82' lang='lat' dir='ltr'>fies,</span> <span class='ocrx_word' id='word_1_536' title='bbox 370 4367 397 4408; x_wconf 88' lang='lat' dir='ltr'>ut</span> <span class='ocrx_word' id='word_1_537' title='bbox 406 4363 493 4424; x_wconf 75' lang='lat' dir='ltr'>penms</span> <span class='ocrx_word' id='word_1_538' title='bbox 505 4363 613 4412; x_wconf 77' lang='lat' dir='ltr'>elevetur</span> <span class='ocrx_word' id='word_1_539' title='bbox 623 4363 648 4411; x_wconf 88' lang='lat' dir='ltr'>in</span> <span class='ocrx_word' id='word_1_540' title='bbox 658 4363 743 4412; x_wconf 77' lang='lat' dir='ltr'>celum</span> <span class='ocrx_word' id='word_1_541' title='bbox 754 4361 835 4410; x_wconf 81' lang='lat' dir='ltr'>voles:</span> <span class='ocrx_word' id='word_1_542' title='bbox 854 4359 897 4410; x_wconf 88' lang='lat' dir='ltr'>sed</span> <span class='ocrx_word' id='word_1_543' title='bbox 914 4359 1082 4409; x_wconf 78' lang='lat' dir='ltr'>convenientis</span> <span class='ocrx_word' id='word_1_544' title='bbox 1098 4353 1219 4421; x_wconf 78' lang='lat' dir='ltr'>supplicis</span> 
     </span>
     <span class='ocr_line' id='line_1_48' title="bbox 117 4434 1218 4508; baseline -0.006 -20"><span class='ocrx_word' id='word_1_545' title='bbox 117 4434 195 4493; x_wconf 70' lang='lat' dir='ltr'>debir,</span> <span class='ocrx_word' id='word_1_546' title='bbox 211 4437 263 4488; x_wconf 72' lang='lat' dir='ltr'>stre</span> <span class='ocrx_word' id='word_1_547' title='bbox 278 4439 320 4489; x_wconf 71' lang='lat' dir='ltr'>nie</span> <span class='ocrx_word' id='word_1_548' title='bbox 336 4451 443 4498; x_wconf 76' lang='lat' dir='ltr'>monens,</span> <span class='ocrx_word' id='word_1_549' title='bbox 460 4443 512 4491; x_wconf 82' lang='lat' dir='ltr'>eive</span> <span class='ocrx_word' id='word_1_550' title='bbox 528 4441 559 4492; x_wconf 89' lang='lat' dir='ltr'>ed</span> <span class='ocrx_word' id='word_1_551' title='bbox 575 4445 662 4493; x_wconf 78' lang='lat' dir='ltr'>interos</span> <span class='ocrx_word' id='word_1_552' title='bbox 677 4443 807 4508; x_wconf 84' lang='lat' dir='ltr'>proiectus,</span> <span class='ocrx_word' id='word_1_553' title='bbox 823 4443 873 4491; x_wconf 85' lang='lat' dir='ltr'>sire</span> <span class='ocrx_word' id='word_1_554' title='bbox 890 4441 921 4490; x_wconf 89' lang='lat' dir='ltr'>ed</span> <span class='ocrx_word' id='word_1_555' title='bbox 937 4441 1087 4490; x_wconf 88' lang='lat' dir='ltr'>remotiorem</span> <span class='ocrx_word' id='word_1_556' title='bbox 1114 4437 1218 4500; x_wconf 89' lang='lat' dir='ltr'>eliquem</span> 
     </span>
     <span class='ocr_line' id='line_1_49' title="bbox 116 4515 1218 4590; baseline -0.006 -22"><span class='ocrx_word' id='word_1_557' title='bbox 116 4516 356 4588; x_wconf 82' lang='lat' dir='ltr'>in&#39;eeoeetllsllemque</span> <span class='ocrx_word' id='word_1_558' title='bbox 364 4523 445 4573; x_wconf 86' lang='lat' dir='ltr'>locum</span> <span class='ocrx_word' id='word_1_559' title='bbox 455 4526 589 4575; x_wconf 81' lang='lat' dir='ltr'>nenslttus.</span> <span class='ocrx_word' id='word_1_560' title='bbox 605 4525 687 4576; x_wconf 85' lang='lat' dir='ltr'>eedem</span> <span class='ocrx_word' id='word_1_561' title='bbox 699 4540 793 4590; x_wconf 88' lang='lat' dir='ltr'>quoque</span> <span class='ocrx_word' id='word_1_562' title='bbox 803 4524 834 4574; x_wconf 88' lang='lat' dir='ltr'>de</span> <span class='ocrx_word' id='word_1_563' title='bbox 846 4524 895 4573; x_wconf 92' lang='lat' dir='ltr'>illis</span> <span class='ocrx_word' id='word_1_564' title='bbox 904 4523 965 4572; x_wconf 86' lang='lat' dir='ltr'>retio</span> <span class='ocrx_word' id='word_1_565' title='bbox 973 4521 1013 4579; x_wconf 92' lang='lat' dir='ltr'>sit,</span> <span class='ocrx_word' id='word_1_566' title='bbox 1024 4533 1084 4585; x_wconf 86' lang='lat' dir='ltr'>quor</span> <span class='ocrx_word' id='word_1_567' title='bbox 1094 4531 1137 4581; x_wconf 89' lang='lat' dir='ltr'>per</span> <span class='ocrx_word' id='word_1_568' title='bbox 1151 4515 1218 4562; x_wconf 85' lang='lat' dir='ltr'>nele-</span> 
     </span>
     <span class='ocr_line' id='line_1_50' title="bbox 116 4593 1218 4671; baseline -0.005 -23"><span class='ocrx_word' id='word_1_569' title='bbox 116 4593 156 4648; x_wconf 83' lang='lat' dir='ltr'>rie</span> <span class='ocrx_word' id='word_1_570' title='bbox 171 4602 264 4654; x_wconf 65' lang='lat' dir='ltr'>meiere</span> <span class='ocrx_word' id='word_1_571' title='bbox 279 4617 310 4654; x_wconf 84' lang='lat' dir='ltr'>ee</span> <span class='ocrx_word' id='word_1_572' title='bbox 325 4605 404 4671; x_wconf 73' lang='lat' dir='ltr'>pertis</span> <span class='ocrx_word' id='word_1_573' title='bbox 420 4603 445 4656; x_wconf 92' lang='lat' dir='ltr'>ln</span> <span class='ocrx_word' id='word_1_574' title='bbox 461 4619 559 4671; x_wconf 74' lang='lat' dir='ltr'>magnos</span> <span class='ocrx_word' id='word_1_575' title='bbox 573 4607 640 4658; x_wconf 78' lang='lat' dir='ltr'>viros</span> <span class='ocrx_word' id='word_1_576' title='bbox 654 4606 758 4660; x_wconf 78' lang='lat' dir='ltr'>evenisse</span> <span class='ocrx_word' id='word_1_577' title='bbox 768 4607 879 4665; x_wconf 86' lang='lat' dir='ltr'>intuitus,</span> <span class='ocrx_word' id='word_1_578' title='bbox 890 4601 980 4671; x_wconf 82' lang='lat' dir='ltr'>putesti</span> <span class='ocrx_word' id='word_1_579' title='bbox 989 4599 1020 4651; x_wconf 83' lang='lat' dir='ltr'>ed</span> <span class='ocrx_word' id='word_1_580' title='bbox 1031 4597 1171 4650; x_wconf 73' lang='lat' dir='ltr'>felicitatem</span> <span class='ocrx_word' id='word_1_581' title='bbox 1189 4605 1218 4643; x_wconf 82' lang='lat' dir='ltr'>ee</span> 
     </span>
    </p>
   </div>
   <div class='ocr_carea' id='block_1_3' title="bbox 0 0 1556 5312">
    <p class='ocr_par' dir='ltr' id='par_1_3' title="bbox 0 0 1556 5312">
     <span class='ocr_line' id='line_1_51' title="bbox 0 0 1556 5312; baseline 0 0"><span class='ocrx_word' id='word_1_582' title='bbox 0 0 1556 5312; x_wconf 95' lang='lat' dir='ltr'> </span> 
     </span>
    </p>
   </div>
  </div>
 </body>
</html>
