<?xml version="1.0" encoding="UTF-8"?>
<!DOCTYPE html PUBLIC "-//W3C//DTD XHTML 1.0 Transitional//EN"
    "http://www.w3.org/TR/xhtml1/DTD/xhtml1-transitional.dtd">
<html xmlns="http://www.w3.org/1999/xhtml" xml:lang="en" lang="en">
 <head>
  <title>
</title>
<meta http-equiv="Content-Type" content="text/html;charset=utf-8" />
  <meta name='ocr-system' content='tesseract 3.04.00' />
  <meta name='ocr-capabilities' content='ocr_page ocr_carea ocr_par ocr_line ocrx_word'/>
</head>
<body>
  <div class='ocr_page' id='page_1' title='image "./platonisetquaev05bekkgoog_0292.png"; bbox 0 0 3110 5308; ppageno 0'>
   <div class='ocr_carea' id='block_1_1' title="bbox 323 475 1407 568">
    <p class='ocr_par' dir='ltr' id='par_1_1' title="bbox 323 475 1407 568">
     <span class='ocr_line' id='line_1_1' title="bbox 323 475 1407 568; baseline -0.007 -22"><span class='ocrx_word' id='word_1_1' title='bbox 323 485 385 546; x_wconf 77' lang='lat'><strong>2⁷0</strong></span> <span class='ocrx_word' id='word_1_2' title='bbox 771 475 970 540; x_wconf 69' lang='lat' dir='ltr'><strong>pietonis</strong></span> <span class='ocrx_word' id='word_1_3' title='bbox 1356 485 1407 568; x_wconf 76' lang='lat' dir='ltr'><strong>[et</strong></span> 
     </span>
    </p>
   </div>
   <div class='ocr_carea' id='block_1_2' title="bbox 319 631 1424 4589">
    <p class='ocr_par' dir='ltr' id='par_1_2' title="bbox 319 631 1424 4589">
     <span class='ocr_line' id='line_1_2' title="bbox 324 631 1413 698; baseline 0.002 -10"><span class='ocrx_word' id='word_1_4' title='bbox 324 635 421 688; x_wconf 73' lang='lat' dir='ltr'><strong>lotionis</strong></span> <span class='ocrx_word' id='word_1_5' title='bbox 434 635 537 694; x_wconf 79' lang='lat' dir='ltr'><strong>iuiu&#39;ntu.</strong></span> <span class='ocrx_word' id='word_1_6' title='bbox 556 632 685 684; x_wconf 76' lang='lat' dir='ltr'><strong>sennium</strong></span> <span class='ocrx_word' id='word_1_7' title='bbox 703 631 846 698; x_wconf 78' lang='lat' dir='ltr'><strong>ptiuoipluus</strong></span> <span class='ocrx_word' id='word_1_8' title='bbox 862 633 1128 693; x_wconf 63' lang='lat' dir='ltr'><strong>manutenerent.</strong></span> <span class='ocrx_word' id='word_1_9' title='bbox 1144 635 1413 690; x_wconf 76' lang='lat' dir='ltr'><strong>dmverusleslueutes</strong></span> 
     </span>
     <span class='ocr_line' id='line_1_3' title="bbox 323 711 1411 782; baseline 0.001 -13"><span class='ocrx_word' id='word_1_10' title='bbox 323 711 1298 782; x_wconf 70' lang='lat' dir='ltr'><strong>mutionissinilitudiueusibiqusudsmsooomruodsnt,uuumerscutsstgrsvi</strong></span> <span class='ocrx_word' id='word_1_11' title='bbox 1307 734 1411 770; x_wconf 69' lang='lat' dir='ltr'><strong>concon</strong></span> 
     </span>
     <span class='ocr_line' id='line_1_4' title="bbox 323 795 1412 865; baseline -0.004 -14"><span class='ocrx_word' id='word_1_12' title='bbox 323 811 376 851; x_wconf 88' lang='lat' dir='ltr'><strong>tunt</strong></span> <span class='ocrx_word' id='word_1_13' title='bbox 392 806 578 864; x_wconf 79' lang='lat' dir='ltr'><strong>contemperent.</strong></span> <span class='ocrx_word' id='word_1_14' title='bbox 592 795 656 845; x_wconf 86' lang='lat' dir='ltr'><strong>unde</strong></span> <span class='ocrx_word' id='word_1_15' title='bbox 674 795 839 859; x_wconf 83' lang='lat' dir='ltr'><strong>insipientibus</strong></span> <span class='ocrx_word' id='word_1_16' title='bbox 850 797 1002 860; x_wconf 73' lang='lat' dir='ltr'><strong>volupmtesu,</strong></span> <span class='ocrx_word' id='word_1_17' title='bbox 1019 798 1165 862; x_wconf 68' lang='lat' dir='ltr'><strong>sapientibus</strong></span> <span class='ocrx_word' id='word_1_18' title='bbox 1173 799 1296 862; x_wconf 66' lang='lat' dir='ltr'><strong>goudium,</strong></span> <span class='ocrx_word' id='word_1_19' title='bbox 1313 810 1412 865; x_wconf 73' lang='lat' dir='ltr'><strong>psopter</strong></span> 
     </span>
     <span class='ocr_line' id='line_1_5' title="bbox 323 876 1410 942; baseline 0 -11"><span class='ocrx_word' id='word_1_20' title='bbox 323 882 412 932; x_wconf 75' lang='lat' dir='ltr'><strong>divino</strong></span> <span class='ocrx_word' id='word_1_21' title='bbox 425 881 551 930; x_wconf 76' lang='lat' dir='ltr'><strong>burmouin</strong></span> <span class='ocrx_word' id='word_1_22' title='bbox 566 877 723 926; x_wconf 81' lang='lat' dir='ltr'><strong>intitutionem</strong></span> <span class='ocrx_word' id='word_1_23' title='bbox 733 876 757 923; x_wconf 87' lang='lat' dir='ltr'><strong>iu</strong></span> <span class='ocrx_word' id='word_1_24' title='bbox 765 876 890 924; x_wconf 80' lang='lat' dir='ltr'><strong>lotionibus</strong></span> <span class='ocrx_word' id='word_1_25' title='bbox 896 878 1033 926; x_wconf 75' lang='lat' dir='ltr'><strong>mortalibus</strong></span> <span class='ocrx_word' id='word_1_26' title='bbox 1039 887 1165 942; x_wconf 74' lang='lat' dir='ltr'><strong>repertum,</strong></span> <span class='ocrx_word' id='word_1_27' title='bbox 1175 880 1289 930; x_wconf 82' lang='lat' dir='ltr'><strong>tribuunt.</strong></span> <span class='ocrx_word' id='word_1_28' title='bbox 1320 881 1410 930; x_wconf 84' lang='lat' dir='ltr'><strong>Esdsn</strong></span> 
     </span>
     <span class='ocr_line' id='line_1_6' title="bbox 321 955 1411 1026; baseline -0.003 -13"><span class='ocrx_word' id='word_1_29' title='bbox 321 965 385 1014; x_wconf 82' lang='lat' dir='ltr'><strong>sntio</strong></span> <span class='ocrx_word' id='word_1_30' title='bbox 395 969 432 1011; x_wconf 88' lang='lat' dir='ltr'><strong>est</strong></span> <span class='ocrx_word' id='word_1_31' title='bbox 442 962 472 1010; x_wconf 90' lang='lat' dir='ltr'><strong>ds</strong></span> <span class='ocrx_word' id='word_1_32' title='bbox 483 974 595 1026; x_wconf 83' lang='lat' dir='ltr'><strong>squsnrns</strong></span> <span class='ocrx_word' id='word_1_33' title='bbox 603 957 712 1014; x_wconf 82' lang='lat' dir='ltr'><strong>duribus,</strong></span> <span class='ocrx_word' id='word_1_34' title='bbox 724 956 755 1005; x_wconf 90' lang='lat' dir='ltr'><strong>de</strong></span> <span class='ocrx_word' id='word_1_35' title='bbox 763 957 889 1006; x_wconf 79' lang='lat' dir='ltr'><strong>lnlmintm</strong></span> <span class='ocrx_word' id='word_1_36' title='bbox 896 955 996 1022; x_wconf 73' lang='lat' dir='ltr'><strong>impubi,</strong></span> <span class='ocrx_word' id='word_1_37' title='bbox 1007 958 1038 1007; x_wconf 86' lang='lat' dir='ltr'><strong>de</strong></span> <span class='ocrx_word' id='word_1_38' title='bbox 1045 961 1126 1010; x_wconf 77' lang='lat' dir='ltr'>electri</span> <span class='ocrx_word' id='word_1_39' title='bbox 1136 961 1239 1010; x_wconf 85' lang='lat' dir='ltr'><strong>mirsbili</strong></span> <span class='ocrx_word' id='word_1_40' title='bbox 1248 962 1292 1010; x_wconf 87' lang='lat' dir='ltr'><strong>illo</strong></span> <span class='ocrx_word' id='word_1_41' title='bbox 1301 967 1411 1020; x_wconf 67' lang='lat' dir='ltr'><strong>stirme,</strong></span> 
     </span>
     <span class='ocr_line' id='line_1_7' title="bbox 324 1038 1409 1110; baseline -0.002 -16"><span class='ocrx_word' id='word_1_42' title='bbox 324 1044 440 1110; x_wconf 72' lang='lat' dir='ltr'><strong>lapidisve</strong></span> <span class='ocrx_word' id='word_1_43' title='bbox 453 1043 524 1098; x_wconf 88' lang='lat' dir='ltr'><strong>illins,</strong></span> <span class='ocrx_word' id='word_1_44' title='bbox 540 1041 581 1104; x_wconf 89' lang='lat' dir='ltr'><strong>qui</strong></span> <span class='ocrx_word' id='word_1_45' title='bbox 596 1038 721 1086; x_wconf 85' lang='lat' dir='ltr'><strong>Hersclius</strong></span> <span class='ocrx_word' id='word_1_46' title='bbox 736 1039 877 1093; x_wconf 80' lang='lat' dir='ltr'><strong>nominetur,</strong></span> <span class='ocrx_word' id='word_1_47' title='bbox 891 1053 972 1088; x_wconf 74' lang='lat' dir='ltr'><strong>resen</strong></span> <span class='ocrx_word' id='word_1_48' title='bbox 987 1041 1076 1090; x_wconf 87' lang='lat' dir='ltr'><strong>nullius</strong></span> <span class='ocrx_word' id='word_1_49' title='bbox 1095 1043 1178 1090; x_wconf 85' lang='lat' dir='ltr'><strong>borum</strong></span> <span class='ocrx_word' id='word_1_50' title='bbox 1187 1043 1297 1092; x_wconf 77' lang='lat' dir='ltr'><strong>ottrtctio</strong></span> <span class='ocrx_word' id='word_1_51' title='bbox 1308 1043 1349 1092; x_wconf 78' lang='lat' dir='ltr'><strong>fier</strong></span> <span class='ocrx_word' id='word_1_52' title='bbox 1366 1043 1409 1092; x_wconf 83' lang='lat' dir='ltr'><strong>sed</strong></span> 
     </span>
     <span class='ocr_line' id='line_1_8' title="bbox 324 1120 1410 1188; baseline -0.003 -16"><span class='ocrx_word' id='word_1_53' title='bbox 324 1141 380 1175; x_wconf 84' lang='lat' dir='ltr'><strong>cum</strong></span> <span class='ocrx_word' id='word_1_54' title='bbox 393 1137 509 1188; x_wconf 78' lang='lat' dir='ltr'><strong>nusqusm</strong></span> <span class='ocrx_word' id='word_1_55' title='bbox 522 1122 553 1170; x_wconf 89' lang='lat' dir='ltr'><strong>sit</strong></span> <span class='ocrx_word' id='word_1_56' title='bbox 567 1135 676 1175; x_wconf 77' lang='lat' dir='ltr'><strong>veroum</strong></span> <span class='ocrx_word' id='word_1_57' title='bbox 690 1125 716 1166; x_wconf 88' lang='lat' dir='ltr'><strong>et</strong></span> <span class='ocrx_word' id='word_1_58' title='bbox 727 1120 778 1167; x_wconf 84' lang='lat' dir='ltr'><strong>brec</strong></span> <span class='ocrx_word' id='word_1_59' title='bbox 786 1134 812 1166; x_wconf 86' lang='lat' dir='ltr'><strong>se</strong></span> <span class='ocrx_word' id='word_1_60' title='bbox 822 1120 924 1168; x_wconf 81' lang='lat' dir='ltr'><strong>inuicem</strong></span> <span class='ocrx_word' id='word_1_61' title='bbox 934 1121 1029 1184; x_wconf 86' lang='lat' dir='ltr'><strong>pnlsent</strong></span> <span class='ocrx_word' id='word_1_62' title='bbox 1038 1129 1109 1186; x_wconf 79' lang='lat' dir='ltr'><strong>etque</strong></span> <span class='ocrx_word' id='word_1_63' title='bbox 1119 1123 1249 1187; x_wconf 82' lang='lat' dir='ltr'><strong>repulsent,</strong></span> <span class='ocrx_word' id='word_1_64' title='bbox 1257 1131 1410 1188; x_wconf 77' lang='lat' dir='ltr'><strong>enneretsque</strong></span> 
     </span>
     <span class='ocr_line' id='line_1_9' title="bbox 323 1201 1413 1269; baseline 0.001 -15"><span class='ocrx_word' id='word_1_65' title='bbox 323 1214 350 1254; x_wconf 91' lang='lat' dir='ltr'><strong>et</strong></span> <span class='ocrx_word' id='word_1_66' title='bbox 360 1205 463 1254; x_wconf 68' lang='lat' dir='ltr'><strong>ducrete</strong></span> <span class='ocrx_word' id='word_1_67' title='bbox 472 1218 540 1252; x_wconf 80' lang='lat' dir='ltr'><strong>nrum</strong></span> <span class='ocrx_word' id='word_1_68' title='bbox 558 1203 637 1250; x_wconf 88' lang='lat' dir='ltr'><strong>locum</strong></span> <span class='ocrx_word' id='word_1_69' title='bbox 648 1201 741 1264; x_wconf 82' lang='lat' dir='ltr'><strong>singule</strong></span> <span class='ocrx_word' id='word_1_70' title='bbox 751 1208 857 1264; x_wconf 75' lang='lat' dir='ltr'><strong>poscam,</strong></span> <span class='ocrx_word' id='word_1_71' title='bbox 866 1201 975 1266; x_wconf 74' lang='lat' dir='ltr'><strong>diligenti</strong></span> <span class='ocrx_word' id='word_1_72' title='bbox 985 1203 1067 1252; x_wconf 82' lang='lat' dir='ltr'><strong>berum</strong></span> <span class='ocrx_word' id='word_1_73' title='bbox 1074 1219 1153 1252; x_wconf 85' lang='lat' dir='ltr'><strong>rerum</strong></span> <span class='ocrx_word' id='word_1_74' title='bbox 1162 1204 1323 1269; x_wconf 77' lang='lat' dir='ltr'><strong>investigstori</strong></span> <span class='ocrx_word' id='word_1_75' title='bbox 1333 1221 1363 1254; x_wconf 85' lang='lat' dir='ltr'><strong>ex</strong></span> <span class='ocrx_word' id='word_1_76' title='bbox 1374 1206 1413 1254; x_wconf 88' lang='lat' dir='ltr'><strong>bis</strong></span> 
     </span>
     <span class='ocr_line' id='line_1_10' title="bbox 324 1281 1414 1350; baseline -0.001 -15"><span class='ocrx_word' id='word_1_77' title='bbox 324 1287 414 1335; x_wconf 84' lang='lat' dir='ltr'><strong>motuis</strong></span> <span class='ocrx_word' id='word_1_78' title='bbox 423 1283 573 1350; x_wconf 70' lang='lat' dir='ltr'><strong>pusionibus</strong></span> <span class='ocrx_word' id='word_1_79' title='bbox 588 1291 686 1330; x_wconf 87' lang='lat' dir='ltr'><strong>eventus</strong></span> <span class='ocrx_word' id='word_1_80' title='bbox 696 1281 733 1330; x_wconf 91' lang='lat' dir='ltr'><strong>illi</strong></span> <span class='ocrx_word' id='word_1_81' title='bbox 746 1281 866 1330; x_wconf 68' lang='lat' dir='ltr'><strong>mirabiles</strong></span> <span class='ocrx_word' id='word_1_82' title='bbox 879 1282 1015 1346; x_wconf 72' lang='lat' dir='ltr'><strong>contingere</strong></span> <span class='ocrx_word' id='word_1_83' title='bbox 1024 1283 1175 1335; x_wconf 84' lang='lat' dir='ltr'><strong>videbuntur.</strong></span> <span class='ocrx_word' id='word_1_84' title='bbox 1192 1295 1264 1349; x_wconf 81' lang='lat' dir='ltr'><strong>etque</strong></span> <span class='ocrx_word' id='word_1_85' title='bbox 1280 1287 1414 1350; x_wconf 70' lang='lat' dir='ltr'><strong>respiratio,</strong></span> 
     </span>
     <span class='ocr_line' id='line_1_11' title="bbox 322 1362 1411 1430; baseline 0 -14"><span class='ocrx_word' id='word_1_86' title='bbox 322 1367 388 1417; x_wconf 86' lang='lat' dir='ltr'><strong>uude</strong></span> <span class='ocrx_word' id='word_1_87' title='bbox 406 1368 452 1416; x_wconf 85' lang='lat' dir='ltr'><strong>buo</strong></span> <span class='ocrx_word' id='word_1_88' title='bbox 473 1364 572 1429; x_wconf 76' lang='lat' dir='ltr'><strong>digressi</strong></span> <span class='ocrx_word' id='word_1_89' title='bbox 587 1378 675 1418; x_wconf 77' lang='lat' dir='ltr'><strong>munus.</strong></span> <span class='ocrx_word' id='word_1_90' title='bbox 694 1362 724 1410; x_wconf 87' lang='lat' dir='ltr'><strong>sb</strong></span> <span class='ocrx_word' id='word_1_91' title='bbox 744 1362 783 1410; x_wconf 82' lang='lat' dir='ltr'><strong>tis</strong></span> <span class='ocrx_word' id='word_1_92' title='bbox 799 1362 877 1410; x_wconf 85' lang='lat' dir='ltr'><strong>csosis</strong></span> <span class='ocrx_word' id='word_1_93' title='bbox 895 1371 921 1412; x_wconf 87' lang='lat' dir='ltr'><strong>et</strong></span> <span class='ocrx_word' id='word_1_94' title='bbox 937 1365 999 1412; x_wconf 84' lang='lat' dir='ltr'><strong>bunc</strong></span> <span class='ocrx_word' id='word_1_95' title='bbox 1016 1365 1041 1414; x_wconf 87' lang='lat' dir='ltr'><strong>in</strong></span> <span class='ocrx_word' id='word_1_96' title='bbox 1061 1365 1167 1423; x_wconf 72' lang='lat' dir='ltr'><strong>modum</strong></span> <span class='ocrx_word' id='word_1_97' title='bbox 1182 1375 1210 1414; x_wconf 90' lang='lat' dir='ltr'><strong>ut</strong></span> <span class='ocrx_word' id='word_1_98' title='bbox 1222 1366 1411 1430; x_wconf 68' lang='lat' dir='ltr'><strong>supradiximus,</strong></span> 
     </span>
     <span class='ocr_line' id='line_1_12' title="bbox 323 1442 1412 1514; baseline 0.001 -18"><span class='ocrx_word' id='word_1_99' title='bbox 323 1448 441 1514; x_wconf 80' lang='lat' dir='ltr'><strong>prouenit.</strong></span> <span class='ocrx_word' id='word_1_100' title='bbox 461 1446 518 1494; x_wconf 84' lang='lat' dir='ltr'><strong>dum</strong></span> <span class='ocrx_word' id='word_1_101' title='bbox 535 1445 647 1493; x_wconf 86' lang='lat' dir='ltr'><strong>videlieet</strong></span> <span class='ocrx_word' id='word_1_102' title='bbox 655 1443 718 1507; x_wconf 77' lang='lat' dir='ltr'><strong>ignis</strong></span> <span class='ocrx_word' id='word_1_103' title='bbox 725 1443 790 1492; x_wconf 92' lang='lat' dir='ltr'><strong>cibos</strong></span> <span class='ocrx_word' id='word_1_104' title='bbox 800 1442 893 1499; x_wconf 84' lang='lat' dir='ltr'><strong>dividit,</strong></span> <span class='ocrx_word' id='word_1_105' title='bbox 901 1445 1054 1510; x_wconf 70' lang='lat' dir='ltr'><strong>elevatusque</strong></span> <span class='ocrx_word' id='word_1_106' title='bbox 1064 1447 1205 1496; x_wconf 84' lang='lat' dir='ltr'><strong>intrinsecos</strong></span> <span class='ocrx_word' id='word_1_107' title='bbox 1213 1457 1331 1496; x_wconf 72' lang='lat' dir='ltr'><strong>smoutus</strong></span> <span class='ocrx_word' id='word_1_108' title='bbox 1340 1448 1412 1512; x_wconf 70' lang='lat' dir='ltr'><strong>spiri·</strong></span> 
     </span>
     <span class='ocr_line' id='line_1_13' title="bbox 321 1523 1409 1592; baseline -0.001 -13"><span class='ocrx_word' id='word_1_109' title='bbox 321 1538 384 1585; x_wconf 72' lang='lat' dir='ltr'><strong>mm,</strong></span> <span class='ocrx_word' id='word_1_110' title='bbox 401 1543 475 1577; x_wconf 86' lang='lat' dir='ltr'><strong>venes</strong></span> <span class='ocrx_word' id='word_1_111' title='bbox 492 1533 598 1575; x_wconf 76' lang='lat' dir='ltr'><strong>svenne</strong></span> <span class='ocrx_word' id='word_1_112' title='bbox 605 1524 723 1574; x_wconf 79' lang='lat' dir='ltr'><strong>communi</strong></span> <span class='ocrx_word' id='word_1_113' title='bbox 733 1523 866 1572; x_wconf 69' lang='lat' dir='ltr'><strong>elevatione</strong></span> <span class='ocrx_word' id='word_1_114' title='bbox 876 1525 1008 1590; x_wconf 80' lang='lat' dir='ltr'><strong>hujumodi</strong></span> <span class='ocrx_word' id='word_1_115' title='bbox 1017 1528 1102 1591; x_wconf 85' lang='lat' dir='ltr'><strong>replet,</strong></span> <span class='ocrx_word' id='word_1_116' title='bbox 1110 1543 1139 1576; x_wconf 80' lang='lat' dir='ltr'><strong>en</strong></span> <span class='ocrx_word' id='word_1_117' title='bbox 1150 1543 1180 1576; x_wconf 86' lang='lat' dir='ltr'><strong>eo</strong></span> <span class='ocrx_word' id='word_1_118' title='bbox 1190 1527 1252 1592; x_wconf 86' lang='lat' dir='ltr'><strong>quod</strong></span> <span class='ocrx_word' id='word_1_119' title='bbox 1263 1529 1342 1578; x_wconf 74' lang='lat' dir='ltr'><strong>stein</strong></span> <span class='ocrx_word' id='word_1_120' title='bbox 1350 1528 1409 1578; x_wconf 87' lang='lat' dir='ltr'><strong>inde</strong></span> 
     </span>
     <span class='ocr_line' id='line_1_14' title="bbox 323 1604 1410 1673; baseline -0.002 -13"><span class='ocrx_word' id='word_1_121' title='bbox 323 1610 418 1660; x_wconf 83' lang='lat' dir='ltr'><strong>bsnrit:</strong></span> <span class='ocrx_word' id='word_1_122' title='bbox 435 1617 461 1658; x_wconf 87' lang='lat' dir='ltr'><strong>et</strong></span> <span class='ocrx_word' id='word_1_123' title='bbox 476 1609 507 1658; x_wconf 90' lang='lat' dir='ltr'><strong>ob</strong></span> <span class='ocrx_word' id='word_1_124' title='bbox 519 1609 580 1656; x_wconf 83' lang='lat' dir='ltr'><strong>huuc</strong></span> <span class='ocrx_word' id='word_1_125' title='bbox 594 1605 710 1654; x_wconf 75' lang='lat' dir='ltr'><strong>nomeu</strong></span> <span class='ocrx_word' id='word_1_126' title='bbox 724 1611 848 1668; x_wconf 77' lang='lat' dir='ltr'><strong>putenm</strong></span> <span class='ocrx_word' id='word_1_127' title='bbox 857 1604 1109 1657; x_wconf 84' lang='lat' dir='ltr'><strong>subnslinmomniuuu</strong></span> <span class='ocrx_word' id='word_1_128' title='bbox 1118 1624 1203 1673; x_wconf 85' lang='lat' dir='ltr'><strong>cuspus</strong></span> <span class='ocrx_word' id='word_1_129' title='bbox 1212 1609 1374 1658; x_wconf 70' lang='lat' dir='ltr'><strong>unum</strong></span> <span class='ocrx_word' id='word_1_130' title='bbox 1381 1611 1410 1658; x_wconf 87' lang='lat' dir='ltr'><strong>li-</strong></span> 
     </span>
     <span class='ocr_line' id='line_1_15' title="bbox 324 1686 1412 1757; baseline -0.001 -17"><span class='ocrx_word' id='word_1_131' title='bbox 324 1707 411 1757; x_wconf 87' lang='lat' dir='ltr'><strong>qsorss</strong></span> <span class='ocrx_word' id='word_1_132' title='bbox 418 1690 511 1754; x_wconf 87' lang='lat' dir='ltr'><strong>penitus</strong></span> <span class='ocrx_word' id='word_1_133' title='bbox 520 1686 1153 1754; x_wconf 75' lang='lat' dir='ltr'><strong>diffunduntnr.ststimveroettritnetscognotisnris</strong></span> <span class='ocrx_word' id='word_1_134' title='bbox 1162 1689 1248 1747; x_wconf 80' lang='lat' dir='ltr'><strong>sblstu.</strong></span> <span class='ocrx_word' id='word_1_135' title='bbox 1257 1691 1343 1754; x_wconf 80' lang='lat' dir='ltr'><strong>purtim</strong></span> <span class='ocrx_word' id='word_1_136' title='bbox 1351 1689 1412 1739; x_wconf 83' lang='lat' dir='ltr'><strong>iruu-</strong></span> 
     </span>
     <span class='ocr_line' id='line_1_16' title="bbox 321 1766 1414 1836; baseline 0.001 -15"><span class='ocrx_word' id='word_1_137' title='bbox 321 1772 388 1821; x_wconf 88' lang='lat' dir='ltr'><strong>tibus</strong></span> <span class='ocrx_word' id='word_1_138' title='bbox 396 1771 480 1836; x_wconf 82' lang='lat' dir='ltr'><strong>pertin</strong></span> <span class='ocrx_word' id='word_1_139' title='bbox 495 1767 644 1834; x_wconf 77' lang='lat' dir='ltr'><strong>grnninibns,</strong></span> <span class='ocrx_word' id='word_1_140' title='bbox 661 1781 714 1832; x_wconf 80' lang='lat' dir='ltr'><strong>qun</strong></span> <span class='ocrx_word' id='word_1_141' title='bbox 733 1766 801 1816; x_wconf 88' lang='lat' dir='ltr'><strong>Deus</strong></span> <span class='ocrx_word' id='word_1_142' title='bbox 814 1767 846 1816; x_wconf 88' lang='lat' dir='ltr'><strong>sd</strong></span> <span class='ocrx_word' id='word_1_143' title='bbox 856 1768 993 1818; x_wconf 80' lang='lat' dir='ltr'><strong>elimoniom</strong></span> <span class='ocrx_word' id='word_1_144' title='bbox 1002 1770 1106 1834; x_wconf 84' lang='lat' dir='ltr'><strong>eorporis</strong></span> <span class='ocrx_word' id='word_1_145' title='bbox 1114 1772 1188 1820; x_wconf 80' lang='lat' dir='ltr'><strong>nosni</strong></span> <span class='ocrx_word' id='word_1_146' title='bbox 1197 1770 1314 1836; x_wconf 80' lang='lat' dir='ltr'><strong>proderit,</strong></span> <span class='ocrx_word' id='word_1_147' title='bbox 1323 1772 1414 1822; x_wconf 78' lang='lat' dir='ltr'><strong>coloreo</strong></span> 
     </span>
     <span class='ocr_line' id='line_1_17' title="bbox 326 1848 1414 1916; baseline 0.001 -14"><span class='ocrx_word' id='word_1_148' title='bbox 326 1861 424 1916; x_wconf 82' lang='lat' dir='ltr'><strong>psopter</strong></span> <span class='ocrx_word' id='word_1_149' title='bbox 434 1851 571 1900; x_wconf 85' lang='lat' dir='ltr'><strong>mistionem</strong></span> <span class='ocrx_word' id='word_1_150' title='bbox 588 1849 683 1898; x_wconf 87' lang='lat' dir='ltr'><strong>omnino</strong></span> <span class='ocrx_word' id='word_1_151' title='bbox 690 1848 876 1898; x_wconf 84' lang='lat' dir='ltr'><strong>vsriosbsbent:</strong></span> <span class='ocrx_word' id='word_1_152' title='bbox 886 1848 930 1898; x_wconf 83' lang='lat' dir='ltr'><strong>sed</strong></span> <span class='ocrx_word' id='word_1_153' title='bbox 937 1851 1081 1914; x_wconf 86' lang='lat' dir='ltr'><strong>pluriruusiu</strong></span> <span class='ocrx_word' id='word_1_154' title='bbox 1089 1852 1336 1916; x_wconf 57' lang='lat' dir='ltr'><strong>bisrubewumbt</strong></span> <span class='ocrx_word' id='word_1_155' title='bbox 1341 1855 1414 1910; x_wconf 71' lang='lat' dir='ltr'><strong>oola,</strong></span> 
     </span>
     <span class='ocr_line' id='line_1_18' title="bbox 325 1928 1414 1998; baseline 0.002 -16"><span class='ocrx_word' id='word_1_156' title='bbox 325 1933 394 1998; x_wconf 79' lang='lat' dir='ltr'><strong>eujus</strong></span> <span class='ocrx_word' id='word_1_157' title='bbox 406 1940 490 1980; x_wconf 82' lang='lat' dir='ltr'><strong>nenne</strong></span> <span class='ocrx_word' id='word_1_158' title='bbox 509 1928 1045 1994; x_wconf 74' lang='lat' dir='ltr'><strong>exiguisportioneettbstersioueinbomido</strong></span> <span class='ocrx_word' id='word_1_159' title='bbox 1055 1932 1238 1998; x_wconf 65' lang='lat' dir='ltr'><strong>neumate.</strong></span> <span class='ocrx_word' id='word_1_160' title='bbox 1253 1941 1414 1998; x_wconf 80' lang='lat' dir='ltr'><strong>proptssese·</strong></span> 
     </span>
     <span class='ocr_line' id='line_1_19' title="bbox 322 2012 1414 2078; baseline 0.001 -16"><span class='ocrx_word' id='word_1_161' title='bbox 322 2012 1414 2078; x_wconf 56' lang='lat' dir='ltr'><strong>jmquodintotumoorputpemsnntmoiortslbsspeemmquslndiximuidsu·</strong></span> 
     </span>
     <span class='ocr_line' id='line_1_20' title="bbox 319 2091 1413 2160; baseline -0.001 -16"><span class='ocrx_word' id='word_1_162' title='bbox 319 2092 606 2160; x_wconf 69' lang='lat' dir='ltr'><strong>-genennontnsvtmnn</strong></span> <span class='ocrx_word' id='word_1_163' title='bbox 615 2091 718 2140; x_wconf 74' lang='lat' dir='ltr'><strong>wuiutn</strong></span> <span class='ocrx_word' id='word_1_164' title='bbox 729 2099 754 2140; x_wconf 92' lang='lat' dir='ltr'><strong>et</strong></span> <span class='ocrx_word' id='word_1_165' title='bbox 761 2093 864 2142; x_wconf 78' lang='lat' dir='ltr'><strong>universi</strong></span> <span class='ocrx_word' id='word_1_166' title='bbox 872 2094 977 2157; x_wconf 81' lang='lat' dir='ltr'><strong>corporis</strong></span> <span class='ocrx_word' id='word_1_167' title='bbox 985 2094 1108 2158; x_wconf 79' lang='lat' dir='ltr'><strong>psbulsm:</strong></span> <span class='ocrx_word' id='word_1_168' title='bbox 1117 2093 1174 2160; x_wconf 80' lang='lat' dir='ltr'><strong>[et]</strong></span> <span class='ocrx_word' id='word_1_169' title='bbox 1182 2093 1413 2158; x_wconf 72' lang='lat' dir='ltr'><strong>undeirrigub&#39;odis·</strong></span> 
     </span>
     <span class='ocr_line' id='line_1_21' title="bbox 323 2172 1415 2241; baseline -0.002 -15"><span class='ocrx_word' id='word_1_170' title='bbox 323 2176 411 2226; x_wconf 80' lang='lat' dir='ltr'><strong>tribute</strong></span> <span class='ocrx_word' id='word_1_171' title='bbox 417 2175 503 2241; x_wconf 81' lang='lat' dir='ltr'><strong>possim</strong></span> <span class='ocrx_word' id='word_1_172' title='bbox 511 2175 624 2222; x_wconf 74' lang='lat' dir='ltr'><strong>erbonem</strong></span> <span class='ocrx_word' id='word_1_173' title='bbox 628 2179 714 2222; x_wconf 83' lang='lat' dir='ltr'><strong>cuncte</strong></span> <span class='ocrx_word' id='word_1_174' title='bbox 721 2173 806 2236; x_wconf 84' lang='lat' dir='ltr'><strong>replet.</strong></span> <span class='ocrx_word' id='word_1_175' title='bbox 814 2172 899 2224; x_wconf 83' lang='lat' dir='ltr'><strong>modus</strong></span> <span class='ocrx_word' id='word_1_176' title='bbox 915 2182 995 2224; x_wconf 84' lang='lat' dir='ltr'><strong>sutem</strong></span> <span class='ocrx_word' id='word_1_177' title='bbox 1006 2175 1150 2240; x_wconf 81' lang='lat' dir='ltr'><strong>impletionis</strong></span> <span class='ocrx_word' id='word_1_178' title='bbox 1159 2174 1346 2224; x_wconf 72' lang='lat' dir='ltr'><strong>evmustionisve</strong></span> <span class='ocrx_word' id='word_1_179' title='bbox 1357 2175 1415 2224; x_wconf 83' lang='lat' dir='ltr'><strong>telis</strong></span> 
     </span>
     <span class='ocr_line' id='line_1_22' title="bbox 324 2252 1414 2322; baseline 0 -18"><span class='ocrx_word' id='word_1_180' title='bbox 324 2264 370 2314; x_wconf 63' lang='lat' dir='ltr'><strong>en,</strong></span> <span class='ocrx_word' id='word_1_181' title='bbox 383 2252 1084 2322; x_wconf 69' lang='lat' dir='ltr'><strong>qmlisinuniversocujuslibstlstio,perqusmoognetuus</strong></span> <span class='ocrx_word' id='word_1_182' title='bbox 1093 2253 1414 2318; x_wconf 83' lang='lat' dir='ltr'><strong>quodlibetsdeeipsuuuse</strong></span> 
     </span>
     <span class='ocr_line' id='line_1_23' title="bbox 323 2333 1417 2402; baseline -0.001 -15"><span class='ocrx_word' id='word_1_183' title='bbox 323 2339 485 2402; x_wconf 69' lang='lat' dir='ltr'><strong>confertque</strong></span> <span class='ocrx_word' id='word_1_184' title='bbox 502 2333 1201 2392; x_wconf 74' lang='lat' dir='ltr'><strong>euimmbuexuiussnudrenntnnsnneresutvnscnus</strong></span> <span class='ocrx_word' id='word_1_185' title='bbox 1214 2335 1308 2384; x_wconf 74' lang='lat' dir='ltr'><strong>enidos</strong></span> <span class='ocrx_word' id='word_1_186' title='bbox 1321 2345 1349 2386; x_wconf 86' lang='lat' dir='ltr'><strong>et</strong></span> <span class='ocrx_word' id='word_1_187' title='bbox 1366 2337 1417 2386; x_wconf 78' lang='lat' dir='ltr'><strong>sis·</strong></span> 
     </span>
     <span class='ocr_line' id='line_1_24' title="bbox 324 2413 1417 2484; baseline 0.002 -18"><span class='ocrx_word' id='word_1_188' title='bbox 324 2413 1049 2484; x_wconf 75' lang='lat' dir='ltr'><strong>guissnostriportiuuessdspeu&#39;essosslorssemittuut·</strong></span> <span class='ocrx_word' id='word_1_189' title='bbox 1071 2417 1200 2480; x_wconf 68' lang='lat' dir='ltr'><strong>mguinm</strong></span> <span class='ocrx_word' id='word_1_190' title='bbox 1225 2417 1417 2473; x_wconf 84' lang='lat' dir='ltr'><strong>seso,iunobis</strong></span> 
     </span>
     <span class='ocr_line' id='line_1_25' title="bbox 324 2495 1416 2560; baseline 0 -12"><span class='ocrx_word' id='word_1_191' title='bbox 324 2499 406 2548; x_wconf 71' lang='lat' dir='ltr'><strong>storin</strong></span> <span class='ocrx_word' id='word_1_192' title='bbox 413 2499 551 2560; x_wconf 68' lang='lat' dir='ltr'><strong>mulumque</strong></span> <span class='ocrx_word' id='word_1_193' title='bbox 560 2495 699 2549; x_wconf 71' lang='lat' dir='ltr'><strong>mucoribus.</strong></span> <span class='ocrx_word' id='word_1_194' title='bbox 711 2501 737 2542; x_wconf 88' lang='lat' dir='ltr'><strong>ut</strong></span> <span class='ocrx_word' id='word_1_195' title='bbox 745 2503 833 2558; x_wconf 87' lang='lat' dir='ltr'><strong>psreet</strong></span> <span class='ocrx_word' id='word_1_196' title='bbox 841 2495 867 2544; x_wconf 87' lang='lat' dir='ltr'><strong>in</strong></span> <span class='ocrx_word' id='word_1_197' title='bbox 877 2497 984 2560; x_wconf 87' lang='lat' dir='ltr'><strong>quolibet</strong></span> <span class='ocrx_word' id='word_1_198' title='bbox 993 2497 1090 2546; x_wconf 81' lang='lat' dir='ltr'><strong>snimeli</strong></span> <span class='ocrx_word' id='word_1_199' title='bbox 1100 2497 1152 2546; x_wconf 84' lang='lat' dir='ltr'><strong>tisri</strong></span> <span class='ocrx_word' id='word_1_200' title='bbox 1161 2497 1416 2556; x_wconf 76' lang='lat' dir='ltr'><strong>nbeutoeonstituou,</strong></span> 
     </span>
     <span class='ocr_line' id='line_1_26' title="bbox 322 2577 1415 2644; baseline 0.002 -16"><span class='ocrx_word' id='word_1_201' title='bbox 322 2579 396 2628; x_wconf 87' lang='lat' dir='ltr'><strong>totius</strong></span> <span class='ocrx_word' id='word_1_202' title='bbox 405 2578 518 2627; x_wconf 89' lang='lat' dir='ltr'><strong>lstionem</strong></span> <span class='ocrx_word' id='word_1_203' title='bbox 526 2577 613 2625; x_wconf 82' lang='lat' dir='ltr'><strong>imitsri</strong></span> <span class='ocrx_word' id='word_1_204' title='bbox 620 2583 743 2640; x_wconf 72' lang='lat' dir='ltr'><strong>coguntm.</strong></span> <span class='ocrx_word' id='word_1_205' title='bbox 767 2592 821 2625; x_wconf 90' lang='lat' dir='ltr'><strong>cum</strong></span> <span class='ocrx_word' id='word_1_206' title='bbox 831 2577 902 2640; x_wconf 75' lang='lat' dir='ltr'><strong>igitur</strong></span> <span class='ocrx_word' id='word_1_207' title='bbox 913 2578 993 2626; x_wconf 82' lang='lat' dir='ltr'><strong>sttuite</strong></span> <span class='ocrx_word' id='word_1_208' title='bbox 1002 2579 1114 2642; x_wconf 73' lang='lat' dir='ltr'><strong>quelibet</strong></span> <span class='ocrx_word' id='word_1_209' title='bbox 1122 2578 1148 2626; x_wconf 89' lang='lat' dir='ltr'><strong>in</strong></span> <span class='ocrx_word' id='word_1_210' title='bbox 1158 2579 1228 2628; x_wconf 87' lang='lat' dir='ltr'><strong>nobis</strong></span> <span class='ocrx_word' id='word_1_211' title='bbox 1237 2589 1363 2644; x_wconf 63' lang='lat' dir='ltr'><strong>mensium</strong></span> <span class='ocrx_word' id='word_1_212' title='bbox 1371 2595 1415 2644; x_wconf 89' lang='lat' dir='ltr'><strong>po·</strong></span> 
     </span>
     <span class='ocr_line' id='line_1_27' title="bbox 322 2655 1414 2724; baseline 0.002 -16"><span class='ocrx_word' id='word_1_213' title='bbox 322 2667 400 2716; x_wconf 71' lang='lat' dir='ltr'><strong>went,</strong></span> <span class='ocrx_word' id='word_1_214' title='bbox 416 2660 529 2708; x_wconf 72' lang='lat' dir='ltr'><strong>minute</strong></span> <span class='ocrx_word' id='word_1_215' title='bbox 544 2656 656 2721; x_wconf 77' lang='lat' dir='ltr'><strong>quelibet</strong></span> <span class='ocrx_word' id='word_1_216' title='bbox 670 2656 782 2721; x_wconf 83' lang='lat' dir='ltr'><strong>implent.</strong></span> <span class='ocrx_word' id='word_1_217' title='bbox 796 2671 866 2722; x_wconf 88' lang='lat' dir='ltr'><strong>porro</strong></span> <span class='ocrx_word' id='word_1_218' title='bbox 881 2659 977 2723; x_wconf 76' lang='lat' dir='ltr'><strong>qundo</strong></span> <span class='ocrx_word' id='word_1_219' title='bbox 992 2655 1099 2708; x_wconf 74' lang='lat' dir='ltr'><strong>sbsoeffit</strong></span> <span class='ocrx_word' id='word_1_220' title='bbox 1114 2659 1169 2724; x_wconf 84' lang='lat' dir='ltr'><strong>plus</strong></span> <span class='ocrx_word' id='word_1_221' title='bbox 1185 2675 1257 2724; x_wconf 75' lang='lat' dir='ltr'><strong>qm</strong></span> <span class='ocrx_word' id='word_1_222' title='bbox 1279 2663 1414 2718; x_wconf 63' lang='lat' dir='ltr'><strong>senonem,</strong></span> 
     </span>
     <span class='ocr_line' id='line_1_28' title="bbox 321 2737 1416 2805; baseline 0.001 -16"><span class='ocrx_word' id='word_1_223' title='bbox 321 2740 440 2789; x_wconf 61' lang='lat' dir='ltr'><strong>decresci</strong></span> <span class='ocrx_word' id='word_1_224' title='bbox 461 2739 564 2788; x_wconf 76' lang='lat' dir='ltr'><strong>nointel:</strong></span> <span class='ocrx_word' id='word_1_225' title='bbox 588 2737 682 2802; x_wconf 78' lang='lat' dir='ltr'><strong>quondo</strong></span> <span class='ocrx_word' id='word_1_226' title='bbox 699 2745 781 2787; x_wconf 83' lang='lat' dir='ltr'><strong>contre</strong></span> <span class='ocrx_word' id='word_1_227' title='bbox 796 2738 831 2794; x_wconf 80' lang='lat' dir='ltr'><strong>tie,</strong></span> <span class='ocrx_word' id='word_1_228' title='bbox 848 2747 955 2804; x_wconf 71' lang='lat' dir='ltr'><strong>augebit.</strong></span> <span class='ocrx_word' id='word_1_229' title='bbox 969 2754 1053 2790; x_wconf 82' lang='lat' dir='ltr'><strong>recens</strong></span> <span class='ocrx_word' id='word_1_230' title='bbox 1065 2739 1136 2804; x_wconf 74' lang='lat' dir='ltr'><strong>igibus</strong></span> <span class='ocrx_word' id='word_1_231' title='bbox 1153 2741 1264 2790; x_wconf 82' lang='lat' dir='ltr'><strong>snimslis</strong></span> <span class='ocrx_word' id='word_1_232' title='bbox 1287 2741 1416 2805; x_wconf 72' lang='lat' dir='ltr'><strong>cujulibst</strong></span> 
     </span>
     <span class='ocr_line' id='line_1_29' title="bbox 319 2819 1413 2886; baseline 0.002 -16"><span class='ocrx_word' id='word_1_233' title='bbox 319 2821 464 2885; x_wconf 78' lang='lat' dir='ltr'><strong>compositio</strong></span> <span class='ocrx_word' id='word_1_234' title='bbox 477 2835 531 2869; x_wconf 87' lang='lat' dir='ltr'><strong>cum</strong></span> <span class='ocrx_word' id='word_1_235' title='bbox 546 2835 620 2868; x_wconf 90' lang='lat' dir='ltr'><strong>novos</strong></span> <span class='ocrx_word' id='word_1_236' title='bbox 632 2820 737 2868; x_wconf 79' lang='lat' dir='ltr'><strong>solutes</strong></span> <span class='ocrx_word' id='word_1_237' title='bbox 746 2819 825 2884; x_wconf 75' lang='lat' dir='ltr'><strong>ligrteo</strong></span> <span class='ocrx_word' id='word_1_238' title='bbox 833 2819 935 2884; x_wconf 82' lang='lat' dir='ltr'><strong>quodum</strong></span> <span class='ocrx_word' id='word_1_239' title='bbox 944 2828 1057 2870; x_wconf 82' lang='lat' dir='ltr'><strong>contestu</strong></span> <span class='ocrx_word' id='word_1_240' title='bbox 1066 2821 1197 2886; x_wconf 74' lang='lat' dir='ltr'><strong>trhugulos</strong></span> <span class='ocrx_word' id='word_1_241' title='bbox 1207 2821 1413 2884; x_wconf 54' lang='lat' dir='ltr'><strong>estimationis</strong></span> 
     </span>
     <span class='ocr_line' id='line_1_30' title="bbox 324 2900 1416 2966; baseline 0.004 -16"><span class='ocrx_word' id='word_1_242' title='bbox 324 2901 423 2966; x_wconf 84' lang='lat' dir='ltr'><strong>quidem</strong></span> <span class='ocrx_word' id='word_1_243' title='bbox 442 2916 523 2950; x_wconf 86' lang='lat' dir='ltr'><strong>eorum</strong></span> <span class='ocrx_word' id='word_1_244' title='bbox 547 2900 711 2964; x_wconf 74' lang='lat' dir='ltr'><strong>compaginem</strong></span> <span class='ocrx_word' id='word_1_245' title='bbox 735 2900 854 2964; x_wconf 80' lang='lat' dir='ltr'><strong>possidet:</strong></span> <span class='ocrx_word' id='word_1_246' title='bbox 886 2902 961 2950; x_wconf 85' lang='lat' dir='ltr'><strong>nsoles</strong></span> <span class='ocrx_word' id='word_1_247' title='bbox 983 2909 1064 2950; x_wconf 82' lang='lat' dir='ltr'><strong>sutem</strong></span> <span class='ocrx_word' id='word_1_248' title='bbox 1082 2901 1136 2966; x_wconf 87' lang='lat' dir='ltr'><strong>ejus</strong></span> <span class='ocrx_word' id='word_1_249' title='bbox 1149 2903 1253 2952; x_wconf 86' lang='lat' dir='ltr'><strong>tenerior</strong></span> <span class='ocrx_word' id='word_1_250' title='bbox 1263 2911 1313 2954; x_wconf 75' lang='lat' dir='ltr'><strong>toto</strong></span> <span class='ocrx_word' id='word_1_251' title='bbox 1319 2905 1416 2962; x_wconf 82' lang='lat' dir='ltr'><strong>eoeluit,</strong></span> 
     </span>
     <span class='ocr_line' id='line_1_31' title="bbox 323 2969 1415 3050; baseline 0.002 -20"><span class='ocrx_word' id='word_1_252' title='bbox 323 2983 413 3047; x_wconf 85' lang='lat' dir='ltr'><strong>quippe</strong></span> <span class='ocrx_word' id='word_1_253' title='bbox 429 2997 482 3046; x_wconf 80' lang='lat' dir='ltr'><strong>qun</strong></span> <span class='ocrx_word' id='word_1_254' title='bbox 497 2997 525 3030; x_wconf 88' lang='lat' dir='ltr'><strong>er</strong></span> <span class='ocrx_word' id='word_1_255' title='bbox 540 2981 666 3030; x_wconf 82' lang='lat' dir='ltr'><strong>recentiori</strong></span> <span class='ocrx_word' id='word_1_256' title='bbox 674 2980 780 3029; x_wconf 75' lang='lat' dir='ltr'><strong>medulla</strong></span> <span class='ocrx_word' id='word_1_257' title='bbox 798 2982 922 3030; x_wconf 75' lang='lat' dir='ltr'><strong>concrevit</strong></span> <span class='ocrx_word' id='word_1_258' title='bbox 939 2969 1016 3045; x_wconf 84' lang='lat' dir='ltr'><strong>nuper</strong></span> <span class='ocrx_word' id='word_1_259' title='bbox 1032 2990 1058 3031; x_wconf 87' lang='lat' dir='ltr'><strong>et</strong></span> <span class='ocrx_word' id='word_1_260' title='bbox 1067 2983 1129 3032; x_wconf 79' lang='lat' dir='ltr'><strong>leste</strong></span> <span class='ocrx_word' id='word_1_261' title='bbox 1140 2983 1228 3032; x_wconf 80' lang='lat' dir='ltr'><strong>nubite</strong></span> <span class='ocrx_word' id='word_1_262' title='bbox 1234 2991 1279 3032; x_wconf 88' lang='lat' dir='ltr'><strong>est.</strong></span> <span class='ocrx_word' id='word_1_263' title='bbox 1294 2993 1415 3050; x_wconf 79' lang='lat' dir='ltr'><strong>susceptus</strong></span> 
     </span>
     <span class='ocr_line' id='line_1_32' title="bbox 322 3061 1415 3130; baseline 0.003 -18"><span class='ocrx_word' id='word_1_264' title='bbox 322 3077 382 3128; x_wconf 75' lang='lat' dir='ltr'><strong>ergo</strong></span> <span class='ocrx_word' id='word_1_265' title='bbox 399 3061 586 3127; x_wconf 64' lang='lat' dir='ltr'><strong>singularitas</strong></span> <span class='ocrx_word' id='word_1_266' title='bbox 595 3063 737 3110; x_wconf 79' lang='lat' dir='ltr'><strong>extrinsecos</strong></span> <span class='ocrx_word' id='word_1_267' title='bbox 744 3061 885 3118; x_wconf 84' lang='lat' dir='ltr'><strong>incidentes,</strong></span> <span class='ocrx_word' id='word_1_268' title='bbox 891 3062 976 3126; x_wconf 84' lang='lat' dir='ltr'><strong>quibus</strong></span> <span class='ocrx_word' id='word_1_269' title='bbox 984 3062 1031 3112; x_wconf 84' lang='lat' dir='ltr'><strong>cibi</strong></span> <span class='ocrx_word' id='word_1_270' title='bbox 1039 3070 1155 3129; x_wconf 74' lang='lat' dir='ltr'><strong>ponteque</strong></span> <span class='ocrx_word' id='word_1_271' title='bbox 1163 3064 1298 3121; x_wconf 64' lang='lat' dir='ltr'><strong>mentor,</strong></span> <span class='ocrx_word' id='word_1_272' title='bbox 1308 3065 1415 3130; x_wconf 64' lang='lat' dir='ltr'><strong>niunpu-</strong></span> 
     </span>
     <span class='ocr_line' id='line_1_33' title="bbox 324 3141 1414 3209; baseline 0.002 -17"><span class='ocrx_word' id='word_1_273' title='bbox 324 3142 355 3192; x_wconf 87' lang='lat' dir='ltr'><strong>lis</strong></span> <span class='ocrx_word' id='word_1_274' title='bbox 371 3143 471 3208; x_wconf 88' lang='lat' dir='ltr'><strong>propriis</strong></span> <span class='ocrx_word' id='word_1_275' title='bbox 479 3143 623 3207; x_wconf 81' lang='lat' dir='ltr'><strong>entiquiores</strong></span> <span class='ocrx_word' id='word_1_276' title='bbox 631 3141 842 3207; x_wconf 82' lang='lat' dir='ltr'><strong>imbecillioresque</strong></span> <span class='ocrx_word' id='word_1_277' title='bbox 850 3141 972 3206; x_wconf 85' lang='lat' dir='ltr'><strong>juniorum</strong></span> <span class='ocrx_word' id='word_1_278' title='bbox 981 3143 1006 3191; x_wconf 85' lang='lat' dir='ltr'><strong>vi</strong></span> <span class='ocrx_word' id='word_1_279' title='bbox 1014 3144 1131 3208; x_wconf 88' lang='lat' dir='ltr'><strong>pervincit</strong></span> <span class='ocrx_word' id='word_1_280' title='bbox 1139 3153 1164 3193; x_wconf 87' lang='lat' dir='ltr'><strong>et</strong></span> <span class='ocrx_word' id='word_1_281' title='bbox 1172 3145 1314 3202; x_wconf 71' lang='lat' dir='ltr'><strong>modest</strong></span> <span class='ocrx_word' id='word_1_282' title='bbox 1322 3144 1414 3209; x_wconf 64' lang='lat' dir='ltr'><strong>pundo</strong></span> 
     </span>
     <span class='ocr_line' id='line_1_34' title="bbox 323 3223 1415 3290; baseline 0.001 -16"><span class='ocrx_word' id='word_1_283' title='bbox 323 3225 412 3274; x_wconf 81' lang='lat' dir='ltr'><strong>nuirnsl</strong></span> <span class='ocrx_word' id='word_1_284' title='bbox 429 3225 509 3289; x_wconf 86' lang='lat' dir='ltr'><strong>ipsum</strong></span> <span class='ocrx_word' id='word_1_285' title='bbox 523 3225 611 3280; x_wconf 82' lang='lat' dir='ltr'><strong>reddit,</strong></span> <span class='ocrx_word' id='word_1_286' title='bbox 630 3224 688 3272; x_wconf 86' lang='lat' dir='ltr'><strong>doru</strong></span> <span class='ocrx_word' id='word_1_287' title='bbox 707 3239 735 3272; x_wconf 83' lang='lat' dir='ltr'><strong>en</strong></span> <span class='ocrx_word' id='word_1_288' title='bbox 747 3223 831 3277; x_wconf 79' lang='lat' dir='ltr'><strong>multis</strong></span> <span class='ocrx_word' id='word_1_289' title='bbox 844 3223 960 3274; x_wconf 87' lang='lat' dir='ltr'><strong>similibus</strong></span> <span class='ocrx_word' id='word_1_290' title='bbox 970 3225 1021 3274; x_wconf 79' lang='lat' dir='ltr'><strong>elit.</strong></span> <span class='ocrx_word' id='word_1_291' title='bbox 1030 3233 1056 3274; x_wconf 77' lang='lat' dir='ltr'><strong>ut</strong></span> <span class='ocrx_word' id='word_1_292' title='bbox 1065 3241 1120 3274; x_wconf 86' lang='lat' dir='ltr'><strong>cuns</strong></span> <span class='ocrx_word' id='word_1_293' title='bbox 1133 3225 1415 3290; x_wconf 70' lang='lat' dir='ltr'><strong>uisugdorumrstliessu</strong></span> 
     </span>
     <span class='ocr_line' id='line_1_35' title="bbox 325 3305 1419 3372; baseline 0.001 -17"><span class='ocrx_word' id='word_1_294' title='bbox 325 3321 511 3372; x_wconf 67' lang='lat' dir='ltr'><strong>compagemque</strong></span> <span class='ocrx_word' id='word_1_295' title='bbox 519 3307 617 3361; x_wconf 66' lang='lat' dir='ltr'><strong>selum,</strong></span> <span class='ocrx_word' id='word_1_296' title='bbox 627 3320 657 3354; x_wconf 83' lang='lat' dir='ltr'><strong>ex</strong></span> <span class='ocrx_word' id='word_1_297' title='bbox 666 3319 696 3354; x_wconf 91' lang='lat' dir='ltr'><strong>eo</strong></span> <span class='ocrx_word' id='word_1_298' title='bbox 705 3305 769 3369; x_wconf 89' lang='lat' dir='ltr'><strong>qood</strong></span> <span class='ocrx_word' id='word_1_299' title='bbox 777 3305 869 3370; x_wconf 71' lang='lat' dir='ltr'><strong>mugnis</strong></span> <span class='ocrx_word' id='word_1_300' title='bbox 881 3305 1001 3356; x_wconf 87' lang='lat' dir='ltr'><strong>lsborlbus</strong></span> <span class='ocrx_word' id='word_1_301' title='bbox 1010 3306 1082 3370; x_wconf 67' lang='lat' dir='ltr'><strong>longo</strong></span> <span class='ocrx_word' id='word_1_302' title='bbox 1092 3315 1198 3370; x_wconf 80' lang='lat' dir='ltr'><strong>temptes</strong></span> <span class='ocrx_word' id='word_1_303' title='bbox 1211 3307 1325 3356; x_wconf 73' lang='lat' dir='ltr'><strong>edessem</strong></span> <span class='ocrx_word' id='word_1_304' title='bbox 1342 3307 1419 3356; x_wconf 80' lang='lat' dir='ltr'><strong>multu</strong></span> 
     </span>
     <span class='ocr_line' id='line_1_36' title="bbox 324 3384 1418 3451; baseline 0 -15"><span class='ocrx_word' id='word_1_305' title='bbox 324 3387 436 3436; x_wconf 69' lang='lat' dir='ltr'><strong>cstuudo</strong></span> <span class='ocrx_word' id='word_1_306' title='bbox 449 3387 547 3450; x_wconf 76' lang='lat' dir='ltr'><strong>letigute</strong></span> <span class='ocrx_word' id='word_1_307' title='bbox 564 3394 588 3434; x_wconf 90' lang='lat' dir='ltr'><strong>et</strong></span> <span class='ocrx_word' id='word_1_308' title='bbox 596 3384 685 3434; x_wconf 71' lang='lat' dir='ltr'><strong>demto</strong></span> <span class='ocrx_word' id='word_1_309' title='bbox 695 3386 735 3442; x_wconf 86' lang='lat' dir='ltr'><strong>sit,</strong></span> <span class='ocrx_word' id='word_1_310' title='bbox 743 3395 800 3435; x_wconf 90' lang='lat' dir='ltr'><strong>tunc</strong></span> <span class='ocrx_word' id='word_1_311' title='bbox 811 3401 870 3436; x_wconf 81' lang='lat' dir='ltr'><strong>sune</strong></span> <span class='ocrx_word' id='word_1_312' title='bbox 880 3385 994 3436; x_wconf 68' lang='lat' dir='ltr'><strong>elimenta</strong></span> <span class='ocrx_word' id='word_1_313' title='bbox 1002 3394 1113 3451; x_wconf 81' lang='lat' dir='ltr'><strong>mecepte</strong></span> <span class='ocrx_word' id='word_1_314' title='bbox 1128 3387 1154 3436; x_wconf 91' lang='lat' dir='ltr'><strong>in</strong></span> <span class='ocrx_word' id='word_1_315' title='bbox 1164 3387 1343 3436; x_wconf 81' lang='lat' dir='ltr'><strong>similitudinem</strong></span> <span class='ocrx_word' id='word_1_316' title='bbox 1350 3402 1418 3436; x_wconf 76' lang='lat' dir='ltr'><strong>m</strong></span> 
     </span>
     <span class='ocr_line' id='line_1_37' title="bbox 323 3465 1416 3533; baseline -0.001 -16"><span class='ocrx_word' id='word_1_317' title='bbox 323 3483 371 3517; x_wconf 88' lang='lat' dir='ltr'><strong>noo</strong></span> <span class='ocrx_word' id='word_1_318' title='bbox 386 3465 653 3532; x_wconf 85' lang='lat' dir='ltr'><strong>potestcomminueudo</strong></span> <span class='ocrx_word' id='word_1_319' title='bbox 660 3467 785 3531; x_wconf 81' lang='lat' dir='ltr'><strong>redigere:</strong></span> <span class='ocrx_word' id='word_1_320' title='bbox 802 3483 845 3516; x_wconf 82' lang='lat' dir='ltr'><strong>uus</strong></span> <span class='ocrx_word' id='word_1_321' title='bbox 854 3482 909 3516; x_wconf 84' lang='lat' dir='ltr'><strong>vero</strong></span> <span class='ocrx_word' id='word_1_322' title='bbox 920 3469 1064 3518; x_wconf 86' lang='lat' dir='ltr'><strong>membrusb</strong></span> <span class='ocrx_word' id='word_1_323' title='bbox 1073 3467 1336 3533; x_wconf 72' lang='lat' dir='ltr'><strong>ingredientibusbcile</strong></span> <span class='ocrx_word' id='word_1_324' title='bbox 1345 3467 1416 3516; x_wconf 76' lang='lat' dir='ltr'><strong>snei·</strong></span> 
     </span>
     <span class='ocr_line' id='line_1_38' title="bbox 323 3547 1415 3615; baseline -0.005 -15"><span class='ocrx_word' id='word_1_325' title='bbox 323 3558 418 3613; x_wconf 63' lang='lat' dir='ltr'><strong>mutus.</strong></span> <span class='ocrx_word' id='word_1_326' title='bbox 432 3551 543 3615; x_wconf 76' lang='lat' dir='ltr'><strong>hincjam</strong></span> <span class='ocrx_word' id='word_1_327' title='bbox 548 3547 624 3598; x_wconf 82' lang='lat' dir='ltr'><strong>minui</strong></span> <span class='ocrx_word' id='word_1_328' title='bbox 636 3562 665 3596; x_wconf 81' lang='lat' dir='ltr'><strong>uo</strong></span> <span class='ocrx_word' id='word_1_329' title='bbox 676 3547 779 3596; x_wconf 82' lang='lat' dir='ltr'><strong>deficere</strong></span> <span class='ocrx_word' id='word_1_330' title='bbox 785 3563 856 3598; x_wconf 85' lang='lat' dir='ltr'><strong>ornus</strong></span> <span class='ocrx_word' id='word_1_331' title='bbox 866 3549 950 3613; x_wconf 86' lang='lat' dir='ltr'><strong>incipit</strong></span> <span class='ocrx_word' id='word_1_332' title='bbox 959 3551 1057 3609; x_wconf 82' lang='lat' dir='ltr'><strong>enimsi,</strong></span> <span class='ocrx_word' id='word_1_333' title='bbox 1068 3565 1122 3600; x_wconf 87' lang='lat' dir='ltr'><strong>ontn</strong></span> <span class='ocrx_word' id='word_1_334' title='bbox 1131 3559 1270 3614; x_wconf 80' lang='lat' dir='ltr'><strong>sopentur:</strong></span> <span class='ocrx_word' id='word_1_335' title='bbox 1283 3547 1415 3596; x_wconf 77' lang='lat' dir='ltr'><strong>denimen-</strong></span> 
     </span>
     <span class='ocr_line' id='line_1_39' title="bbox 322 3629 1418 3695; baseline 0.001 -16"><span class='ocrx_word' id='word_1_336' title='bbox 322 3637 420 3695; x_wconf 84' lang='lat' dir='ltr'><strong>tnmqus</strong></span> <span class='ocrx_word' id='word_1_337' title='bbox 442 3631 506 3678; x_wconf 78' lang='lat' dir='ltr'><strong>istud</strong></span> <span class='ocrx_word' id='word_1_338' title='bbox 526 3639 636 3680; x_wconf 77' lang='lat' dir='ltr'><strong>eeneebtt</strong></span> <span class='ocrx_word' id='word_1_339' title='bbox 658 3630 800 3694; x_wconf 81' lang='lat' dir='ltr'><strong>oppellenrr.</strong></span> <span class='ocrx_word' id='word_1_340' title='bbox 821 3629 876 3678; x_wconf 87' lang='lat' dir='ltr'><strong>linis</strong></span> <span class='ocrx_word' id='word_1_341' title='bbox 892 3645 948 3680; x_wconf 83' lang='lat' dir='ltr'><strong>vero</strong></span> <span class='ocrx_word' id='word_1_342' title='bbox 974 3639 1029 3680; x_wconf 89' lang='lat' dir='ltr'><strong>tunc</strong></span> <span class='ocrx_word' id='word_1_343' title='bbox 1050 3631 1154 3687; x_wconf 84' lang='lat' dir='ltr'><strong>obvenit,</strong></span> <span class='ocrx_word' id='word_1_344' title='bbox 1170 3631 1264 3695; x_wconf 75' lang='lat' dir='ltr'><strong>quondo</strong></span> <span class='ocrx_word' id='word_1_345' title='bbox 1284 3629 1418 3694; x_wconf 68' lang='lat' dir='ltr'><strong>ningulu-</strong></span> 
     </span>
     <span class='ocr_line' id='line_1_40' title="bbox 323 3710 1419 3776; baseline -0.001 -15"><span class='ocrx_word' id='word_1_346' title='bbox 323 3727 377 3762; x_wconf 85' lang='lat' dir='ltr'><strong>rum</strong></span> <span class='ocrx_word' id='word_1_347' title='bbox 395 3713 498 3768; x_wconf 81' lang='lat' dir='ltr'><strong>illorum,</strong></span> <span class='ocrx_word' id='word_1_348' title='bbox 520 3727 549 3760; x_wconf 83' lang='lat' dir='ltr'><strong>ex</strong></span> <span class='ocrx_word' id='word_1_349' title='bbox 565 3712 649 3775; x_wconf 86' lang='lat' dir='ltr'><strong>quibus</strong></span> <span class='ocrx_word' id='word_1_350' title='bbox 665 3710 770 3759; x_wconf 86' lang='lat' dir='ltr'><strong>medullu</strong></span> <span class='ocrx_word' id='word_1_351' title='bbox 785 3711 916 3770; x_wconf 82' lang='lat' dir='ltr'><strong>coniicitur,</strong></span> <span class='ocrx_word' id='word_1_352' title='bbox 933 3713 991 3762; x_wconf 81' lang='lat' dir='ltr'><strong>otim</strong></span> <span class='ocrx_word' id='word_1_353' title='bbox 1007 3719 1117 3776; x_wconf 83' lang='lat' dir='ltr'><strong>oooptsts</strong></span> <span class='ocrx_word' id='word_1_354' title='bbox 1132 3711 1229 3761; x_wconf 62' lang='lat' dir='ltr'><strong>moult</strong></span> <span class='ocrx_word' id='word_1_355' title='bbox 1243 3711 1302 3760; x_wconf 89' lang='lat' dir='ltr'><strong>nibil</strong></span> <span class='ocrx_word' id='word_1_356' title='bbox 1314 3710 1419 3774; x_wconf 73' lang='lat' dir='ltr'><strong>emplim</strong></span> 
     </span>
     <span class='ocr_line' id='line_1_41' title="bbox 324 3791 1417 3857; baseline -0.001 -16"><span class='ocrx_word' id='word_1_357' title='bbox 324 3801 432 3849; x_wconf 79' lang='lat' dir='ltr'><strong>nectunt.</strong></span> <span class='ocrx_word' id='word_1_358' title='bbox 449 3791 492 3840; x_wconf 89' lang='lat' dir='ltr'><strong>sed</strong></span> <span class='ocrx_word' id='word_1_359' title='bbox 507 3791 676 3857; x_wconf 73' lang='lat' dir='ltr'><strong>defetigatione</strong></span> <span class='ocrx_word' id='word_1_360' title='bbox 688 3791 741 3856; x_wconf 83' lang='lat' dir='ltr'><strong>jum</strong></span> <span class='ocrx_word' id='word_1_361' title='bbox 755 3792 861 3840; x_wconf 74' lang='lat' dir='ltr'><strong>selensis</strong></span> <span class='ocrx_word' id='word_1_362' title='bbox 876 3807 951 3842; x_wconf 80' lang='lat' dir='ltr'><strong>nesus</strong></span> <span class='ocrx_word' id='word_1_363' title='bbox 967 3793 1179 3844; x_wconf 67' lang='lat' dir='ltr'><strong>autonomi.</strong></span> <span class='ocrx_word' id='word_1_364' title='bbox 1194 3793 1273 3842; x_wconf 79' lang='lat' dir='ltr'><strong>enims</strong></span> <span class='ocrx_word' id='word_1_365' title='bbox 1286 3792 1417 3840; x_wconf 72' lang='lat' dir='ltr'><strong>vernolum</strong></span> 
     </span>
     <span class='ocr_line' id='line_1_42' title="bbox 324 3873 1418 3938; baseline 0 -16"><span class='ocrx_word' id='word_1_366' title='bbox 324 3873 455 3922; x_wconf 75' lang='lat' dir='ltr'><strong>set-tendum</strong></span> <span class='ocrx_word' id='word_1_367' title='bbox 472 3881 579 3922; x_wconf 80' lang='lat' dir='ltr'><strong>netuturn</strong></span> <span class='ocrx_word' id='word_1_368' title='bbox 593 3889 647 3922; x_wconf 86' lang='lat' dir='ltr'><strong>cum</strong></span> <span class='ocrx_word' id='word_1_369' title='bbox 663 3874 784 3938; x_wconf 88' lang='lat' dir='ltr'><strong>voluptste</strong></span> <span class='ocrx_word' id='word_1_370' title='bbox 800 3874 907 3938; x_wconf 88' lang='lat' dir='ltr'><strong>protinus</strong></span> <span class='ocrx_word' id='word_1_371' title='bbox 923 3876 1009 3924; x_wconf 85' lang='lat' dir='ltr'><strong>evolet.</strong></span> <span class='ocrx_word' id='word_1_372' title='bbox 1025 3873 1138 3938; x_wconf 82' lang='lat' dir='ltr'><strong>quicquid</strong></span> <span class='ocrx_word' id='word_1_373' title='bbox 1147 3873 1213 3922; x_wconf 89' lang='lat' dir='ltr'><strong>enirn</strong></span> <span class='ocrx_word' id='word_1_374' title='bbox 1221 3882 1302 3922; x_wconf 84' lang='lat' dir='ltr'><strong>contre</strong></span> <span class='ocrx_word' id='word_1_375' title='bbox 1312 3879 1418 3922; x_wconf 72' lang='lat' dir='ltr'><strong>nutum</strong></span> 
     </span>
     <span class='ocr_line' id='line_1_43' title="bbox 326 3953 1421 4019; baseline 0.001 -18"><span class='ocrx_word' id='word_1_376' title='bbox 326 3955 363 4009; x_wconf 84' lang='lat' dir='ltr'><strong>fit,</strong></span> <span class='ocrx_word' id='word_1_377' title='bbox 382 3953 506 4002; x_wconf 84' lang='lat' dir='ltr'><strong>molestum</strong></span> <span class='ocrx_word' id='word_1_378' title='bbox 525 3962 575 4002; x_wconf 89' lang='lat' dir='ltr'><strong>est:</strong></span> <span class='ocrx_word' id='word_1_379' title='bbox 588 3954 652 4018; x_wconf 86' lang='lat' dir='ltr'><strong>qnod</strong></span> <span class='ocrx_word' id='word_1_380' title='bbox 663 3963 741 4004; x_wconf 81' lang='lat' dir='ltr'><strong>sutem</strong></span> <span class='ocrx_word' id='word_1_381' title='bbox 754 3971 795 4018; x_wconf 88' lang='lat' dir='ltr'><strong>pro</strong></span> <span class='ocrx_word' id='word_1_382' title='bbox 806 3955 840 4004; x_wconf 86' lang='lat' dir='ltr'><strong>rei</strong></span> <span class='ocrx_word' id='word_1_383' title='bbox 852 3965 943 4014; x_wconf 78' lang='lat' dir='ltr'><strong>netum,</strong></span> <span class='ocrx_word' id='word_1_384' title='bbox 951 3954 1092 4019; x_wconf 84' lang='lat' dir='ltr'><strong>jucundum.</strong></span> <span class='ocrx_word' id='word_1_385' title='bbox 1109 3953 1224 4004; x_wconf 83' lang='lat' dir='ltr'><strong>similiter.</strong></span> <span class='ocrx_word' id='word_1_386' title='bbox 1240 3961 1266 4002; x_wconf 88' lang='lat' dir='ltr'><strong>et</strong></span> <span class='ocrx_word' id='word_1_387' title='bbox 1274 3967 1338 4002; x_wconf 84' lang='lat' dir='ltr'><strong>ruore</strong></span> <span class='ocrx_word' id='word_1_388' title='bbox 1348 3967 1421 4016; x_wconf 82' lang='lat' dir='ltr'><strong>quens</strong></span> 
     </span>
     <span class='ocr_line' id='line_1_44' title="bbox 325 4033 1419 4101; baseline 0 -19"><span class='ocrx_word' id='word_1_389' title='bbox 325 4033 401 4083; x_wconf 80' lang='lat' dir='ltr'><strong>morbi</strong></span> <span class='ocrx_word' id='word_1_390' title='bbox 411 4041 436 4082; x_wconf 92' lang='lat' dir='ltr'><strong>et</strong></span> <span class='ocrx_word' id='word_1_391' title='bbox 444 4033 540 4082; x_wconf 78' lang='lat' dir='ltr'><strong>vulnere</strong></span> <span class='ocrx_word' id='word_1_392' title='bbox 550 4035 687 4092; x_wconf 84' lang='lat' dir='ltr'><strong>intulerunt,</strong></span> <span class='ocrx_word' id='word_1_393' title='bbox 697 4037 799 4086; x_wconf 83' lang='lat' dir='ltr'><strong>violente</strong></span> <span class='ocrx_word' id='word_1_394' title='bbox 810 4045 847 4086; x_wconf 80' lang='lat' dir='ltr'><strong>eet</strong></span> <span class='ocrx_word' id='word_1_395' title='bbox 855 4045 926 4101; x_wconf 84' lang='lat' dir='ltr'><strong>utque</strong></span> <span class='ocrx_word' id='word_1_396' title='bbox 935 4036 1046 4085; x_wconf 79' lang='lat' dir='ltr'><strong>moletto:</strong></span> <span class='ocrx_word' id='word_1_397' title='bbox 1058 4051 1112 4100; x_wconf 77' lang='lat' dir='ltr'><strong>qun</strong></span> <span class='ocrx_word' id='word_1_398' title='bbox 1121 4051 1177 4084; x_wconf 88' lang='lat' dir='ltr'><strong>veru</strong></span> <span class='ocrx_word' id='word_1_399' title='bbox 1188 4035 1254 4084; x_wconf 89' lang='lat' dir='ltr'><strong>senio</strong></span> <span class='ocrx_word' id='word_1_400' title='bbox 1264 4033 1378 4098; x_wconf 74' lang='lat' dir='ltr'><strong>pennen</strong></span> <span class='ocrx_word' id='word_1_401' title='bbox 1388 4035 1419 4082; x_wconf 83' lang='lat' dir='ltr'><strong>sd</strong></span> 
     </span>
     <span class='ocr_line' id='line_1_45' title="bbox 324 4115 1421 4184; baseline -0.001 -21"><span class='ocrx_word' id='word_1_402' title='bbox 324 4115 396 4164; x_wconf 83' lang='lat' dir='ltr'><strong>finem</strong></span> <span class='ocrx_word' id='word_1_403' title='bbox 412 4115 545 4165; x_wconf 85' lang='lat' dir='ltr'><strong>deducente</strong></span> <span class='ocrx_word' id='word_1_404' title='bbox 561 4117 696 4166; x_wconf 81' lang='lat' dir='ltr'><strong>netureiiter</strong></span> <span class='ocrx_word' id='word_1_405' title='bbox 712 4120 826 4184; x_wconf 79' lang='lat' dir='ltr'><strong>subrepit,</strong></span> <span class='ocrx_word' id='word_1_406' title='bbox 841 4120 903 4168; x_wconf 89' lang='lat' dir='ltr'><strong>inter</strong></span> <span class='ocrx_word' id='word_1_407' title='bbox 920 4117 1000 4167; x_wconf 83' lang='lat' dir='ltr'><strong>omnis</strong></span> <span class='ocrx_word' id='word_1_408' title='bbox 1013 4117 1093 4166; x_wconf 83' lang='lat' dir='ltr'><strong>mortis</strong></span> <span class='ocrx_word' id='word_1_409' title='bbox 1107 4131 1193 4181; x_wconf 78' lang='lat' dir='ltr'><strong>genere</strong></span> <span class='ocrx_word' id='word_1_410' title='bbox 1206 4115 1325 4164; x_wconf 78' lang='lat' dir='ltr'><strong>levissime</strong></span> <span class='ocrx_word' id='word_1_411' title='bbox 1340 4121 1386 4172; x_wconf 83' lang='lat' dir='ltr'><strong>est,</strong></span> <span class='ocrx_word' id='word_1_412' title='bbox 1395 4121 1421 4162; x_wconf 88' lang='lat' dir='ltr'><strong>et</strong></span> 
     </span>
     <span class='ocr_line' id='line_1_46' title="bbox 324 4195 1422 4265; baseline -0.002 -20"><span class='ocrx_word' id='word_1_413' title='bbox 324 4211 380 4245; x_wconf 85' lang='lat' dir='ltr'><strong>cont</strong></span> <span class='ocrx_word' id='word_1_414' title='bbox 392 4196 514 4260; x_wconf 87' lang='lat' dir='ltr'><strong>voluptste</strong></span> <span class='ocrx_word' id='word_1_415' title='bbox 527 4196 606 4260; x_wconf 89' lang='lat' dir='ltr'><strong>potius</strong></span> <span class='ocrx_word' id='word_1_416' title='bbox 616 4213 685 4261; x_wconf 83' lang='lat' dir='ltr'><strong>qoem</strong></span> <span class='ocrx_word' id='word_1_417' title='bbox 697 4199 778 4250; x_wconf 81' lang='lat' dir='ltr'><strong>dolore</strong></span> <span class='ocrx_word' id='word_1_418' title='bbox 793 4199 918 4265; x_wconf 78' lang='lat' dir='ltr'><strong>contingit.</strong></span> <span class='ocrx_word' id='word_1_419' title='bbox 949 4199 1031 4249; x_wconf 89' lang='lat' dir='ltr'><strong>Morbi</strong></span> <span class='ocrx_word' id='word_1_420' title='bbox 1048 4207 1125 4248; x_wconf 85' lang='lat' dir='ltr'><strong>sutem</strong></span> <span class='ocrx_word' id='word_1_421' title='bbox 1137 4197 1201 4246; x_wconf 89' lang='lat' dir='ltr'><strong>unde</strong></span> <span class='ocrx_word' id='word_1_422' title='bbox 1216 4204 1351 4252; x_wconf 82' lang='lat' dir='ltr'><strong>nescsntor,</strong></span> <span class='ocrx_word' id='word_1_423' title='bbox 1368 4195 1422 4258; x_wconf 81' lang='lat' dir='ltr'><strong>quis</strong></span> 
     </span>
     <span class='ocr_line' id='line_1_47' title="bbox 323 4274 1422 4346; baseline 0.01 -23"><span class='ocrx_word' id='word_1_424' title='bbox 323 4274 435 4326; x_wconf 78' lang='lat' dir='ltr'><strong>dubitet?</strong></span> <span class='ocrx_word' id='word_1_425' title='bbox 445 4291 499 4325; x_wconf 86' lang='lat' dir='ltr'><strong>nem</strong></span> <span class='ocrx_word' id='word_1_426' title='bbox 510 4293 563 4326; x_wconf 90' lang='lat' dir='ltr'><strong>curn</strong></span> <span class='ocrx_word' id='word_1_427' title='bbox 579 4287 678 4342; x_wconf 80' lang='lat' dir='ltr'><strong>quotuor</strong></span> <span class='ocrx_word' id='word_1_428' title='bbox 686 4279 730 4328; x_wconf 84' lang='lat' dir='ltr'><strong>ille</strong></span> <span class='ocrx_word' id='word_1_429' title='bbox 744 4281 802 4342; x_wconf 85' lang='lat' dir='ltr'><strong>sint,</strong></span> <span class='ocrx_word' id='word_1_430' title='bbox 817 4297 848 4328; x_wconf 84' lang='lat' dir='ltr'><strong>er</strong></span> <span class='ocrx_word' id='word_1_431' title='bbox 863 4281 946 4346; x_wconf 80' lang='lat' dir='ltr'><strong>quibus</strong></span> <span class='ocrx_word' id='word_1_432' title='bbox 956 4287 1105 4344; x_wconf 85' lang='lat' dir='ltr'><strong>compsctnrn</strong></span> <span class='ocrx_word' id='word_1_433' title='bbox 1115 4287 1151 4330; x_wconf 86' lang='lat' dir='ltr'><strong>est</strong></span> <span class='ocrx_word' id='word_1_434' title='bbox 1165 4293 1260 4343; x_wconf 82' lang='lat' dir='ltr'><strong>eorpus,</strong></span> <span class='ocrx_word' id='word_1_435' title='bbox 1280 4275 1339 4342; x_wconf 81' lang='lat'><strong>[82]</strong></span> <span class='ocrx_word' id='word_1_436' title='bbox 1351 4285 1422 4334; x_wconf 71' lang='lat' dir='ltr'><strong>itm»</strong></span> 
     </span>
     <span class='ocr_line' id='line_1_48' title="bbox 323 4357 1421 4426; baseline 0 -20"><span class='ocrx_word' id='word_1_437' title='bbox 323 4357 393 4422; x_wconf 74' lang='lat' dir='ltr'><strong>ignis,</strong></span> <span class='ocrx_word' id='word_1_438' title='bbox 405 4371 475 4422; x_wconf 80' lang='lat' dir='ltr'><strong>sque,</strong></span> <span class='ocrx_word' id='word_1_439' title='bbox 486 4357 535 4415; x_wconf 77' lang='lat' dir='ltr'><strong>sir,</strong></span> <span class='ocrx_word' id='word_1_440' title='bbox 543 4359 680 4408; x_wconf 86' lang='lat' dir='ltr'><strong>borumnon</strong></span> <span class='ocrx_word' id='word_1_441' title='bbox 691 4361 803 4410; x_wconf 79' lang='lat' dir='ltr'><strong>neturdis</strong></span> <span class='ocrx_word' id='word_1_442' title='bbox 813 4377 921 4414; x_wconf 81' lang='lat' dir='ltr'><strong>etcovsus</strong></span> <span class='ocrx_word' id='word_1_443' title='bbox 931 4361 1092 4426; x_wconf 62' lang='lat' dir='ltr'><strong>deletusque,</strong></span> <span class='ocrx_word' id='word_1_444' title='bbox 1101 4369 1126 4410; x_wconf 85' lang='lat' dir='ltr'><strong>et</strong></span> <span class='ocrx_word' id='word_1_445' title='bbox 1134 4377 1164 4412; x_wconf 79' lang='lat' dir='ltr'><strong>ex</strong></span> <span class='ocrx_word' id='word_1_446' title='bbox 1172 4361 1226 4410; x_wconf 86' lang='lat' dir='ltr'><strong>luco</strong></span> <span class='ocrx_word' id='word_1_447' title='bbox 1236 4359 1334 4424; x_wconf 86' lang='lat' dir='ltr'><strong>proprio</strong></span> <span class='ocrx_word' id='word_1_448' title='bbox 1342 4359 1367 4406; x_wconf 87' lang='lat' dir='ltr'><strong>in</strong></span> <span class='ocrx_word' id='word_1_449' title='bbox 1375 4357 1421 4406; x_wconf 71' lang='lat' dir='ltr'><strong>di·</strong></span> 
     </span>
     <span class='ocr_line' id='line_1_49' title="bbox 323 4439 1420 4506; baseline 0.001 -19"><span class='ocrx_word' id='word_1_450' title='bbox 323 4453 393 4488; x_wconf 86' lang='lat' dir='ltr'><strong>enum</strong></span> <span class='ocrx_word' id='word_1_451' title='bbox 412 4439 542 4496; x_wconf 73' lang='lat' dir='ltr'><strong>omninno,</strong></span> <span class='ocrx_word' id='word_1_452' title='bbox 559 4456 601 4503; x_wconf 92' lang='lat' dir='ltr'><strong>per</strong></span> <span class='ocrx_word' id='word_1_453' title='bbox 610 4457 690 4505; x_wconf 85' lang='lat' dir='ltr'><strong>quem,</strong></span> <span class='ocrx_word' id='word_1_454' title='bbox 701 4443 765 4506; x_wconf 86' lang='lat' dir='ltr'><strong>qood</strong></span> <span class='ocrx_word' id='word_1_455' title='bbox 775 4444 821 4492; x_wconf 91' lang='lat' dir='ltr'><strong>sibi</strong></span> <span class='ocrx_word' id='word_1_456' title='bbox 837 4443 980 4494; x_wconf 80' lang='lat' dir='ltr'><strong>couveniens</strong></span> <span class='ocrx_word' id='word_1_457' title='bbox 987 4449 1032 4500; x_wconf 90' lang='lat' dir='ltr'><strong>est,</strong></span> <span class='ocrx_word' id='word_1_458' title='bbox 1041 4457 1089 4492; x_wconf 90' lang='lat' dir='ltr'><strong>non</strong></span> <span class='ocrx_word' id='word_1_459' title='bbox 1100 4450 1191 4502; x_wconf 74' lang='lat' dir='ltr'><strong>teuent,</strong></span> <span class='ocrx_word' id='word_1_460' title='bbox 1201 4440 1339 4492; x_wconf 86' lang='lat' dir='ltr'><strong>intestinsm</strong></span> <span class='ocrx_word' id='word_1_461' title='bbox 1345 4454 1420 4504; x_wconf 85' lang='lat' dir='ltr'><strong>qusn-</strong></span> 
     </span>
     <span class='ocr_line' id='line_1_50' title="bbox 325 4517 1424 4589; baseline -0.003 -19"><span class='ocrx_word' id='word_1_462' title='bbox 325 4517 380 4580; x_wconf 79' lang='lat' dir='ltr'><strong>slutn</strong></span> <span class='ocrx_word' id='word_1_463' title='bbox 392 4519 532 4572; x_wconf 86' lang='lat' dir='ltr'><strong>seditionem</strong></span> <span class='ocrx_word' id='word_1_464' title='bbox 544 4529 569 4570; x_wconf 86' lang='lat' dir='ltr'><strong>et</strong></span> <span class='ocrx_word' id='word_1_465' title='bbox 579 4522 670 4572; x_wconf 82' lang='lat' dir='ltr'><strong>morbos</strong></span> <span class='ocrx_word' id='word_1_466' title='bbox 681 4521 792 4574; x_wconf 85' lang='lat' dir='ltr'><strong>inierunt.</strong></span> <span class='ocrx_word' id='word_1_467' title='bbox 808 4526 903 4589; x_wconf 81' lang='lat' dir='ltr'><strong>quondo</strong></span> <span class='ocrx_word' id='word_1_468' title='bbox 914 4523 975 4574; x_wconf 86' lang='lat' dir='ltr'><strong>enim</strong></span> <span class='ocrx_word' id='word_1_469' title='bbox 987 4533 1072 4588; x_wconf 86' lang='lat' dir='ltr'><strong>prseter</strong></span> <span class='ocrx_word' id='word_1_470' title='bbox 1081 4533 1187 4574; x_wconf 80' lang='lat' dir='ltr'><strong>ustorum</strong></span> <span class='ocrx_word' id='word_1_471' title='bbox 1199 4519 1386 4588; x_wconf 75' lang='lat' dir='ltr'><strong>unumquodque</strong></span> <span class='ocrx_word' id='word_1_472' title='bbox 1396 4519 1424 4568; x_wconf 84' lang='lat' dir='ltr'><strong>it</strong></span> 
     </span>
    </p>
   </div>
   <div class='ocr_carea' id='block_1_3' title="bbox 0 0 1561 5308">
    <p class='ocr_par' dir='ltr' id='par_1_3' title="bbox 0 0 1561 5308">
     <span class='ocr_line' id='line_1_51' title="bbox 0 0 1561 5308; baseline 0 0"><span class='ocrx_word' id='word_1_473' title='bbox 0 0 1561 5308; x_wconf 95' lang='lat' dir='ltr'><strong> </strong></span> 
     </span>
    </p>
   </div>
  </div>
 </body>
</html>
