3160 5314
334 509 391 568 ιιι
649 517 655 564 ;
768 505 971 570 ururours
1356 518 1432 596 [410

330 681 385 718 euru
407 662 475 712 mulir
495 659 579 710 enimin
602 667 772 716 eonnemuum.
799 669 825 711 et
843 659 932 726 injurie
951 677 1053 729 queque
1073 663 1177 716 lueluore
1204 675 1335 733 operatum.
1361 681 1433 721 neure

330 741 436 812 denique
454 761 483 794 er
502 759 528 793 re
548 744 600 807 ipro
617 741 715 792 eliorum
731 743 819 792 reelere
836 741 979 806 conjecture,
996 747 1195 809 quemndmodum
1211 765 1241 798 ex
1261 750 1314 814 lpeo
1332 765 1431 816 corpore

329 828 446 878 morbne?
472 841 529 874 num
545 825 661 872 inmun
682 823 760 886 iprum
780 822 959 887 imperitumque
982 825 1094 874 melorum
1117 843 1216 884 mumma
1233 830 1289 878 dum
1309 840 1372 880 erret
1388 832 1432 896 jn.

334 912 408 968 venir.
418 897 534 959 exetitirie
550 913 653 970 oportet,
670 904 690 953 ei
708 905 784 952 bouur
800 911 826 952 et
842 905 956 954 trudentur
971 906 1083 956 errirtem
1097 906 1163 971 jueta
1180 909 1271 960 uincere
1287 920 1324 962 ert
1336 915 1433 978 judiee-

332 993 417 1044 tumr?
433 995 577 1056 qurpropter
594 985 694 1034 moderti
709 984 824 1042 inquiner,
834 985 891 1033 dum
907 983 1009 1049 jurene·
1027 995 1091 1044 runt,
1103 989 1183 1038 etolidi
1198 1005 1250 1040 erne
1269 991 1388 1043 ridentnri
1406 1003 1432 1044 et

332 1074 376 1140 qui
386 1072 455 1122 leeile
471 1071 501 1118 eb
517 1066 611 1132 injurtir
630 1065 710 1130 decipi
720 1065 820 1130 porriut,
830 1072 942 1130 tnuqunm
958 1067 999 1131 qui
1016 1083 1065 1116 non
1079 1070 1182 1120 hnbeeut
1191 1071 1218 1118 in
1233 1087 1258 1122 re
1269 1073 1328 1137 iprir
1338 1075 1432 1134 eedem,

333 1171 388 1221 que
399 1153 486 1202 hubent
496 1147 603 1212 improbi,
615 1145 741 1194 effectuum
758 1146 867 1210 erempie
882 1146 1004 1198 melorum.
1037 1147 1125 1200 (iuro.
1141 1150 1247 1200 Omnino
1265 1161 1328 1204 uerte
1345 1155 1370 1204 id
1388 1173 1432 1220 pe·

334 1236 431 1286 tiuutur.
462 1232 503 1281 eo.
521 1228 610 1278 Verum
625 1226 748 1302 enimvero
759 1241 807 1274 non
815 1227 937 1289 juvenem,
949 1229 990 1277 red
1005 1245 1084 1280 renem
1102 1247 1154 1280 eree
1165 1232 1252 1281 bonurn
1263 1243 1357 1298 oportet
1364 1235 1433 1299 judi·

333 1333 395 1372 eem,
406 1313 448 1380 qui
466 1327 527 1368 reru,
538 1309 608 1374 qunle
624 1308 681 1372 quid
698 1307 817 1371 injustitia
834 1307 873 1364 rit.
885 1307 1013 1371 didicerit3
1029 1318 1140 1376 truqueur
1159 1313 1200 1378 qui
1217 1327 1265 1360 nou
1278 1316 1395 1379 proprium
1406 1318 1431 1366 ἰιι

331 1397 414 1448 animo
424 1408 469 1444 ιιιο
480 1407 532 1452 eurn
543 1389 649 1445 renuerit,
656 1389 699 1438 red
710 1388 811 1438 elienem
821 1389 847 1437 iu
856 1390 939 1438 nlieuir
950 1391 1033 1440 nuimir
1044 1393 1115 1456 longo
1126 1402 1231 1458 tempore
1242 1395 1347 1458 uorerit;
1358 1405 1432 1462 etque

334 1477 420 1530 karen
430 1470 563 1538 eujurrnodi
574 1471 604 1518 eit
615 1469 701 1518 melum
711 1467 838 1534 diruerunt,
849 1471 948 1520 roienlle
959 1472 1037 1536 potine
1048 1489 1118 1537 quern
1129 1475 1223 1540 proprie
1238 1477 1381 1542 experienti.
1388 1478 1432 1542 ju.

334 1560 427 1609 dume.
448 1555 536 1604 Guuu.
547 1549 746 1600 Generorierirnur
755 1559 818 1600 certe
825 1551 901 1615 juder
911 1552 1046 1618 hujusmodi
1057 1571 1108 1604 erne
1117 1556 1218 1607 videtur.
1249 1558 1292 1608 Su.
1309 1557 1341 1606 lit
1351 1559 1431 1606 bouus

336 1647 466 1706 prumien
482 1633 547 1698 quod
565 1631 617 1696 ipre
633 1631 761 1694 querrbur.
777 1633 818 1696 qui
836 1633 899 1681 enirn
919 1634 1006 1682 bonum
1025 1636 1097 1684 hebet
1107 1636 1220 1694 inimum,
1232 1639 1307 1688 boum
1317 1647 1362 1686 ert.
1379 1653 1433 1688 rer-

335 1711 403 1770 eul'ue
418 1725 496 1766 eutem
513 1713 599 1762 illene
618 1711 679 1760 mele
696 1712 827 1776 ruepiceue,
846 1715 887 1778 qui
907 1714 981 1764 multe
999 1715 1049 1780 egit
1064 1715 1153 1780 injurte
1169 1734 1287 1784 rigorque
1303 1721 1431 1784 etnnpiene

289 1807 296 1824 ¹
335 1801 444 1856 hebetur,
460 1796 556 1862 quondo
574 1809 628 1844 eum
646 1793 683 1841 eni
700 1793 816 1842 rimilibuu
834 1803 944 1853 terretur,
955 1804 1039 1846 centur
1054 1797 1201 1863 allidueque
1219 1803 1430 1865 upperet,eurned

334 1880 451 1946 exemplu,
468 1895 522 1944 que
539 1878 564 1926 in
583 1893 613 1926 eo
630 1883 694 1939 runt,
705 1883 806 1926 mentem
824 1877 927 1941 dirigent
946 1877 992 1926 ribi
1009 1879 1066 1928 eutir
1082 1887 1173 1930 errent.
1190 1881 1285 1944 quendo
1297 1897 1351 1930 roro
1363 1883 1431 1932 bouis

333 1961 510 2025 senioribusque
521 1957 726 2018 edheretletunn
736 1973 789 2006 enm
799 1957 858 2006 ultre
868 1973 938 2022 quem
950 1959 1021 2008 deeet
1031 1959 1130 2016 diffidet,
1141 1975 1270 2026 renumque
1281 1969 1305 2009 et
1312 1961 1429 2022 riuqerum

333 2057 422 2092 morem
433 2041 533 2105 ignoret,
544 2038 636 2104 quippe
654 2037 695 2101 qni
712 2039 821 2102 eremple
836 2039 901 2087 illiue
911 2055 962 2088 non
979 2041 1073 2096 leben,
1084 2055 1138 2090 cnm
1156 2057 1210 2090 nero
1221 2042 1364 2105 irequeutlur
1374 2059 1430 2092 euru

333 2123 402 2174 melin
420 2137 490 2187 quem
500 2137 554 2172 uum
571 2118 640 2168 bonis
657 2127 769 2178 rerretnr,
779 2119 866 2184 repiur
881 2136 976 2185 quoque
987 2120 1115 2186 repieutior
1125 2137 1194 2185 quem
1215 2122 1364 2186 insipientior
1382 2124 1429 2172 ribi

332 2203 432 2267 nliirque
443 2202 545 2250 ridetur.
577 2199 665 2248 Grau.
681 2198 744 2248 Vern
760 2200 841 2265 procul
858 2201 932 2250 dnbio
949 2201 1059 2266 loqueris.
1091 2201 1134 2252 So.
1149 2201 1270 2266 Nouergu
1281 2202 1351 2251 ulem
1362 2219 1430 2268 que·

332 2301 382 2338 rere
392 2293 486 2352 oportet
501 2283 618 2348 jndicem,
627 2267 739 2346 trullum
756 2284 844 2332 bouum
859 2291 885 2332 et
902 2283 1042 2350 replentem,
1052 2285 1093 2334 red
1111 2285 1203 2350 quelem
1214 2285 1285 2348 poulo
1296 2292 1352 2334 rute
1362 2285 1430 2336 dice·

333 2369 397 2417 bern.
419 2363 716 2430 prnriteeenimneqneee
734 2377 812 2426 neque
830 2365 939 2414 virtutem
957 2373 1110 2430 cognoroeret
1126 2381 1238 2430 nnanm.
1259 2365 1333 2415 vinu
1350 2375 1430 2418 eutem

333 2456 432 2503 neturre.
447 2455 552 2510 ternpore
567 2443 652 2492 nddite
667 2442 802 2510 diciplina,
812 2453 837 2494 et
855 2461 881 2494 re
891 2447 967 2511 iprum
978 2447 1046 2496 timul
1057 2455 1082 2496 et
1093 2447 1228 2513 preritrtem
1239 2447 1365 2513 intelliget.
1382 2463 1431 2496 uon

333 2528 405 2593 igitur
414 2527 498 2584 mulne,
508 2533 536 2574 ut
545 2539 597 2573 mee
612 2523 658 2572 lert
674 2523 765 2590 opinio,
774 2526 817 2574 red
831 2527 870 2575 irie
881 2529 975 2592 replens
991 2527 1080 2579 eiedit.
1114 2529 1200 2578 Grau.
1216 2527 1281 2578 Mihi
1291 2545 1386 2594 quoque
1397 2530 1431 2578 ite

334 2610 436 2660 ridetur.
466 2608 510 2657 So.
527 2605 615 2655 Nonne
631 2605 703 2670 igitur
719 2615 746 2654 et
764 2607 912 2666 medicinam,
922 2609 1017 2674 quulem
1035 2607 1148 2667 dirimur,
1159 2625 1207 2659 une
1224 2626 1278 2660 eum
1295 2609 1433 2673 hujusmodi

331 2689 459 2757 judiciarie
475 2686 587 2753 equitate
603 2685 629 2735 in
648 2685 746 2735 oiritnte
763 2687 816 2751 lege
833 2688 971 2746 conutituer,
982 2703 1036 2752 quer
1053 2689 1149 2754 quidem
1161 2705 1202 2738 eor
1212 2690 1285 2752 eirea,
1295 2689 1336 2754 qui
1348 2698 1432 2738 neture

335 2780 386 2822 tum
403 2770 482 2819 enimo
497 2777 547 2818 tum
565 2781 665 2832 corpore
683 2767 745 2816 bene
761 2783 786 2816 re
802 2769 899 2833 hebent,
918 2771 1052 2818 enutrirutr
1070 2771 1145 2836 [llll]
1158 2785 1237 2820 eorum
1256 2770 1361 2834 numqui
1373 2771 1433 2820 teler

333 2869 383 2902 uon
393 2859 457 2908 runt,
468 2858 620 2916 quotcunque
635 2864 734 2914 corpore
749 2848 940 2908 defioiuntmori
957 2850 1044 2910 uiuent,
1054 2858 1209 2916 quotcunque
1219 2859 1298 2900 auten
1314 2851 1376 2900 melo
1393 2852 1432 2900 irr-

335 2935 405 3000 genio
423 2931 537 2997 procreati
551 2929 694 2978 inuuebiler
712 2938 775 2988 runt,
793 2939 866 2980 morte
885 2931 1017 2982 mulctent?
1050 2931 1138 2982 Gneo.
1155 2932 1210 2981 lloe
1220 2933 1318 2982 lortnree
1328 2942 1353 2982 et
1363 2932 1433 2996 ipsiu,

334 3015 377 3081 qui
388 3013 444 3063 tulin
455 3012 582 3078 potiuntur,
592 3018 617 3058 et
626 3009 717 3059 eiriteti
728 3011 849 3061 conducit.
881 3009 923 3060 So.
940 3011 1042 3062 Couetet
1051 3012 1108 3076 quin
1119 3012 1190 3062 etiem
1200 3019 1319 3062 euretnmr
1326 3012 1431 3076 juverre·

335 3113 366 3146 ue
376 3097 402 3144 iu
418 3093 552 3159 judiniurie
561 3107 627 3140 urum
637 3091 841 3156 indigentiumque
851 3093 1007 3150 dercendunt,
1018 3092 1117 3158 eimpliei
1135 3092 1177 3140 ille
1187 3099 1279 3141 utentes
1289 3093 1388 3150 murioe.
1401 3109 1433 3142 er

334 3173 569 3242 qneuurcidirimue
584 3171 768 3235 temperuntium.
802 3172 891 3222 Gneo.
908 3173 1033 3222 Curnou?
1065 3173 1112 3222 So.
1124 3171 1221 3220 Annon
1233 3173 1365 3236 pereedom
1376 3174 1431 3224 lrreo

332 3257 433 3321 vertigin
443 3252 546 3302 muricue
556 3250 726 3318 gpmnuetioem
737 3268 848 3317 eequeur,
858 3253 878 3302 ri
889 3252 961 3310 rolet,
971 3260 1027 3317 eget
1042 3259 1237 3318 rueequeturquer
1253 3261 1281 3302 ut
1290 3254 1349 3302 nihil
1360 3261 1435 3319 egent

334 3337 460 3392 medicine,
468 3334 513 3384 niri
521 3333 646 3382 ueterritee
656 3331 744 3397 coget?
777 3332 866 3383 Guru.
881 3332 1129 3398 Ampliorequideru.
1161 3335 1203 3382 So.
1220 3331 1344 3384 Ereroebit
1351 3341 1433 3384 eutem

333 3421 358 3470 iu
370 3417 498 3486 gymnnrlir
514 3429 608 3478 corpur,
618 3413 740 3477 respiciem
760 3413 835 3478 megin
854 3415 884 3464 nd
904 3413 1075 3463 euimoritetem
1087 3421 1186 3478 uuture,
1196 3413 1305 3479 illumque
1316 3415 1433 3481 ercitum,

334 3515 404 3566 quem
421 3499 453 3548 ed
470 3497 548 3552 robur,
558 3497 646 3558 nequ'e,
657 3493 853 3557 quemedrnodum
871 3493 965 3542 utlrletu
977 3493 1028 3554 elii,
1037 3494 1143 3558 corporei
1161 3492 1249 3542 roboris
1259 3493 1332 3558 gretie
1343 3494 1433 3542 rictum

332 3581 441 3630 inrtitnet
456 3577 594 3640 luburerque
612 3573 743 3622 adhibebit.
776 3573 863 3622 Guuu.
880 3572 957 3625 Recte
974 3573 1111 3623 udmodum.
1143 3575 1187 3624 So.
1204 3574 1253 3632 Qui
1272 3589 1327 3638 erqo
1344 3575 1436 3622 conui-

335 3669 413 3718 tnunt,
423 3675 439 3708 o
456 3656 559 3714 Gleuuo,
570 3655 658 3704 murice
674 3661 700 3702 et
714 3655 862 3720 gpmneetice
878 3653 985 3702 hominen
1001 3655 1101 3712 erudire,
1111 3671 1159 3704 non
1171 3670 1200 3704 ee
1216 3671 1297 3713 neure,
1308 3669 1356 3718 qur
1365 3656 1437 3704 multi

333 3743 476 3798 existiment,
487 3739 565 3788 etudie
582 3739 632 3785 hec
649 3736 824 3802 aggrediuntur,
834 3743 861 3784 ut
878 3737 922 3784 luno
938 3735 1035 3800 quidem
1051 3751 1146 3800 corpur,
1161 3736 1201 3784 ille
1219 3736 1322 3784 animum
1338 3743 1432 3784 curem.

334 3821 421 3872 Gneo.
437 3821 486 3870 Cur
496 3819 563 3868 noni
596 3817 639 3867 So.
655 3815 773 3865 Videntur
784 3823 881 3879 utreque
892 3815 964 3864 enimi
976 3816 1046 3880 gretie
1060 3815 1184 3880 plurimum
1195 3830 1310 3864 exeruere.
1344 3813 1433 3866 Guuu.

335 3903 391 3960 Quo
403 3901 491 3964 pecto?
524 3899 566 3949 So.
581 3897 622 3946 Au
633 3911 681 3946 uon
692 3895 768 3960 vider,
779 3905 805 3944 ut
816 3895 919 3944 efficient
928 3895 1041 3953 inimum,
1051 3896 1092 3960 qui
1104 3896 1273 3961 qpmunrticem
1286 3909 1435 3960 peromnem

334 3981 408 4030 ritem
424 3986 542 4036 exercent.
553 3979 665 4028 muricem
683 3987 825 4026 autemnon
842 3977 977 4041 attinguntr
996 3977 1034 4026 tel
1049 3977 1090 4042 qui
1106 3984 1187 4025 contre
1205 3976 1313 4026 leeieut?
1346 3974 1440 4026 Genu.

252 4119 257 4128 .
335 4061 376 4110 De
394 4073 497 4124 quonum
512 4059 591 4107 dicit?
625 4058 666 4108 So.
684 4057 723 4108 De
734 4057 829 4121 nrrtiee,
839 4057 945 4122 inquom,
954 4057 1041 4107 duritie
1057 4055 1237 4120 ferociumque,
1247 4065 1319 4119 etque
1330 4054 1387 4102 item
1405 4055 1441 4103 de

335 4140 435 4191 mollitie
450 4147 476 4188 et
493 4139 681 4188 meueuetndine.
714 4137 803 4190 Gurn.
819 4137 883 4186 Nori
900 4138 1009 4204 equidem
1021 4154 1072 4196 eor,
1082 4138 1124 4201 qni
1141 4152 1205 4186 meru
1217 4145 1315 4186 utuntur
1324 4149 1444 4200 gymnes-

334 4222 392 4278 tion,
403 4220 539 4285 egrertiorer
548 4235 618 4284 quern
629 4227 722 4284 oportet
732 4221 842 4277 eredere,
850 4219 894 4284 qui
909 4227 987 4268 nutem
998 4219 1121 4268 dumtuet
1131 4218 1229 4280 mueice,
1237 4215 1353 4266 molliore·
1363 4230 1439 4279 quenr

335 4302 472 4353 eordeoeut
488 4299 558 4349 effici.
591 4300 634 4348 So.
652 4299 728 4364 Atqui
745 4301 780 4350 rie
797 4302 849 4365 ipre
867 4301 966 4366 egrertir
977 4301 1007 4348 nd
1025 4299 1144 4349 imerrnde
1164 4305 1252 4347 netum
1263 4295 1440 4346 euimnritetern

336 4382 437 4449 pertinet
448 4397 454 4428 ι
472 4395 525 4446 que
536 4379 555 4428 ri
566 4387 628 4428 rente
639 4381 747 4436 nutritur,
758 4382 824 4430 lortie
834 4381 924 4440 eredit,
934 4381 969 4430 eiu
980 4387 1058 4430 nutem
1070 4394 1142 4445 rupru
1151 4394 1222 4444 quem
1233 4379 1303 4426 decet
1313 4378 1441 4438 exerescit,

334 4467 447 4519 leror,nt
463 4467 646 4511 onnrentnueuuu
663 4463 826 4526 ert,eodum.
861 4461 949 4514 (ineu.
968 4461 1102 4510 Assentior.
1134 4460 1176 4513 So.
1193 4458 1258 4517 Quid
1275 4458 1372 4506 eutem?
1389 4457 1442 4506 viru

335 4547 410 4612 ipeem
421 4543 501 4592 mitem
519 4551 545 4592 et
555 4549 699 4592 maueuetrur
718 4549 806 4592 noune‘
815 4543 950 4610 philueophi
961 4551 1044 4594 nutum
1059 4543 1148 4592 hehet:
1165 4557 1219 4605 qun
1230 4539 1250 4588 ei
1262 4539 1360 4588 nimium
1380 4555 1443 4588 eon-

299 4653 305 4666 κ
336 4625 412 4684 lenuit,
425 4624 515 4674 mollior
532 4625 559 4673 fir
577 4639 646 4690 quern
666 4624 744 4690 dccet,
762 4625 822 4674 bone
842 4633 919 4674 nutem
940 4623 958 4674 ei
982 4623 1104 4682 enutritur,
1124 4621 1199 4670 rueris
1220 4628 1290 4684 etque
1311 4619 1442 4668 modeste?
