3174 5306
815 485 1014 552 PLATONlS

785 839 889 918 LlB.
926 837 1023 918 XII.

365 1094 439 1161 [etl]
457 1094 483 1143 Si
500 1094 592 1158 legatur
601 1101 641 1142 aut
649 1106 726 1158 praee
736 1091 805 1150 talea,
816 1108 869 1158 qua
887 1092 933 1142 ribi
951 1092 1076 1142 commissa
1085 1099 1150 1152 suut,
1160 1093 1313 1152 nuntiaverit,
1324 1091 1457 1144 dicendae

363 1175 472 1231 tacuerit,
483 1175 520 1223 rel
530 1189 610 1223 ruraue
628 1176 657 1224 ab
674 1174 782 1222 hortibus
801 1174 913 1222 amicisve
936 1173 1042 1232 redietur,
1061 1190 1114 1240 quaa
1140 1175 1171 1224 ab
1193 1175 1241 1224 illie
1260 1175 1364 1239 accepit,
1388 1175 1458 1226 alita

363 1272 435 1320 quarn
453 1254 573 1320 acceperit
586 1255 694 1304 retulisse
710 1254 855 1318 reperiatur:
876 1255 943 1319 quari
962 1254 1076 1304 Mercurii
1095 1254 1209 1321 Joviaque
1227 1257 1340 1306 mandatu
1357 1256 1458 1320 legatio·

363 1353 453 1402 neuqua
471 1344 554 1386 contra
565 1336 642 1400 legem
652 1336 829 1400 contempserit,
839 1337 865 1384 in
872 1334 990 1401 judicium
1000 1335 1125 1386 deferatur.
1141 1349 1167 1386 et
1172 1337 1267 1402 judioaa
1278 1353 1321 1402 pru
1338 1337 1456 1401 maguitu-

363 1417 419 1468 diue
429 1419 465 1467 rei
472 1415 680 1483 quidpatidareve
689 1416 875 1482 iprumoportet,
885 1415 1037 1466 aidamuutaa
1042 1418 1120 1476 fuerit,
1130 1426 1242 1468 sument.
1250 1418 1354 1482 pecunie
1363 1417 1456 1468 turtum

361 1499 478 1548 illiberale
485 1497 590 1563 proiecto
600 1505 645 1554 ert,
658 1497 740 1562 rapina
758 1511 814 1546 vero
829 1497 998 1561 turpissimum.
1016 1499 1095 1548 nullae
1112 1507 1190 1549 autem
1209 1499 1311 1549 filiorum
1325 1498 1392 1548 Juria
1410 1507 1457 1546 ant

361 1581 386 1629 ri
398 1587 439 1628 aut
449 1579 505 1628 dolo
516 1577 648 1630 delectatur
656 1579 778 1642 quicquam
790 1577 927 1641 hujuaruodi
937 1594 1041 1642 uuquam
1050 1580 1114 1630 iecit.
1130 1581 1186 1628 ideo
1205 1596 1275 1630 nemo
1290 1579 1327 1628 rel
1343 1594 1358 1628 a
1375 1577 1456 1642 potitis

362 1661 402 1708 rel
422 1675 437 1708 a
455 1659 566 1710 fabuloria
576 1659 817 1708 aliiahominibusitu
827 1659 967 1724 decipiatur,
977 1668 1004 1708 ut
1020 1661 1109 1718 credat,
1129 1659 1150 1710 ai
1165 1661 1228 1710 iurto
1245 1667 1285 1708 aut
1299 1659 1324 1707 ri
1342 1674 1399 1708 uera
1418 1659 1458 1712 ait,

361 1740 423 1788 nihil
435 1757 460 1789 re
470 1749 546 1804 turpe,
557 1741 597 1789 red
609 1739 673 1804 quod
687 1739 730 1788 Dii
745 1755 842 1804 quoque
862 1740 972 1796 feceriut,
984 1741 1137 1790 commiaiaae.
1153 1757 1209 1790 uam
1219 1756 1264 1790 uec
1275 1756 1356 1788 verum
1367 1739 1393 1788 id
1412 1755 1458 1788 uec

361 1820 488 1870 uerisimile
499 1827 544 1868 eat.
559 1827 584 1868 et
594 1819 636 1884 qui
645 1827 730 1884 preter
739 1820 816 1884 legem
825 1820 908 1868 horum
918 1822 1015 1868 alterum
1026 1820 1093 1878 iacit,
1101 1821 1121 1870 ir
1139 1837 1184 1870 nec
1200 1821 1267 1869 Deua
1283 1836 1330 1870 uec
1349 1821 1456 1869 Deorum

361 1907 399 1948 ert
415 1899 486 1948 filiun.
501 1900 708 1964 berclagumlatori
728 1901 804 1964 magia
824 1916 895 1964 quam
914 1901 1007 1950 cunctia
1025 1901 1104 1964 politis
1125 1903 1289 1966 cognoscenda
1306 1909 1369 1950 aunt.
1384 1901 1456 1966 igitur

360 1980 496 2046 quicunque
506 1981 562 2030 huic
569 1989 649 2030 nosue
660 1981 762 2030 sermoni
771 1983 883 2046 paruerit,
890 1981 993 2030 ielixest
1010 1981 1071 2029 etin
1089 1993 1208 2046 porterum
1225 1996 1319 2046 aernper
1336 1982 1399 2040 erit3
1415 1982 1458 2046 qui

361 2069 444 2110 contre
453 2060 543 2120 iecerit,
555 2061 600 2110 huc
617 2061 669 2124 lege
688 2061 820 2110 arcebitur:
839 2062 865 2110 Si
881 2063 934 2126 quia
955 2062 1043 2126 aliquid
1062 2063 1182 2126 publicum
1201 2062 1289 2111 iuratur
1307 2061 1386 2119 inerit,
1405 2063 1458 2112 rire

361 2157 461 2205 parrum
468 2157 510 2191 aeu
518 2157 630 2206 maguum
642 2141 667 2190 id
677 2142 716 2198 sit,
728 2142 780 2206 peri
790 2143 906 2206 supplicio
916 2143 1035 2206 puniatur.
1051 2157 1106 2192 uam
1117 2144 1157 2208 qui
1168 2159 1217 2192 rem
1227 2157 1322 2206 parrum
1332 2143 1461 2198 rubatulit,

360 2223 405 2271 erui
415 2223 502 2274 reineri
512 2223 536 2270 vi
546 2223 667 2288 quamqui
677 2237 787 2287 mgnum
807 2223 892 2286 rapuit,
909 2237 978 2286 aqua
996 2231 1078 2272 tamen
1093 2223 1221 2288 cupiditate
1242 2222 1332 2270 iuratur
1354 2231 1408 2270 eat:
1432 2231 1461 2272 et

363 2303 406 2368 qui
416 2319 529 2368 maguum
538 2304 627 2368 aliquid
640 2305 696 2352 iude
704 2303 813 2362 removit,
824 2304 866 2352 ubi
876 2305 928 2368 ipre
939 2319 988 2352 nou
1003 2304 1148 2368 depoumm,
1162 2304 1182 2352 ia
1192 2303 1288 2352 omniuo
1298 2302 1396 2366 iniquita
1410 2311 1463 2351 eat.

361 2384 400 2434 lex
409 2383 480 2448 igitur
489 2399 538 2432 uon
547 2384 604 2432 turri
611 2385 726 2448 paruitate
738 2385 836 2432 alterum
847 2385 926 2432 minua
934 2399 1004 2448 quern
1021 2385 1118 2434 alterurn
1132 2382 1280 2448 puniendum
1296 2389 1392 2432 reum:
1412 2383 1458 2432 aad

362 2481 393 2514 eo
403 2465 500 2514 iornitau
511 2465 625 2514 interesse
633 2464 786 2528 putatquod
796 2465 857 2512 alter
873 2465 984 2512 sanabilis
995 2465 1034 2521 ait,
1045 2465 1180 2514 insanabilia
1197 2465 1265 2512 ulter.
1282 2463 1302 2512 ri
1315 2477 1397 2512 aerrua
1413 2469 1457 2512 aut

361 2544 499 2608 peregrinus
516 2544 572 2592 turri
581 2544 669 2608 publici
680 2553 803 2594 accuratur
812 2553 837 2593 et
847 2545 1017 2594 condemnatur
1028 2546 1068 2607 ait,
1078 2554 1191 2610 tauquam
1207 2543 1286 2592 sanari
1302 2543 1457 2608 quedammo-

360 2624 393 2672 do
404 2639 472 2688 purae
483 2622 600 2682 rideatur,
610 2625 666 2688 quid
678 2625 730 2689 pati
740 2624 825 2674 ducere
841 2625 940 2688 debeat,
953 2626 1046 2690 judicio
1056 2634 1178 2676 statuatur.
1196 2625 1271 2690 [9⁴2]
1287 2625 1365 2674 eirena
1375 2633 1456 2674 autem

358 2705 395 2754 ita
405 2704 540 2764 educatum,
549 2713 577 2754 ut
597 2705 645 2769 ipai
665 2705 821 2763 instituimur,
841 2707 863 2756 ri
883 2708 938 2770 quia
960 2709 1082 2772 publicum
1102 2705 1194 2771 aliquid
1214 2706 1320 2756 iunium
1340 2719 1393 2754 erra
1414 2703 1455 2751 rel

358 2785 459 2834 riolaare
486 2785 622 2842 convicerit,
643 2784 737 2834 sivein
758 2785 812 2848 ipae
832 2786 896 2836 furto
918 2794 943 2836 et
965 2789 1057 2838 scelere
1078 2790 1129 2837 aire
1151 2789 1220 2836 aliter
1240 2787 1454 2854 quomodocunque

359 2864 553 2930 deprehenderit,
576 2872 688 2930 tauquam
708 2865 867 2916 insanabilem
887 2868 968 2918 mertia
993 2869 1111 2934 supplicio
1135 2868 1328 2918 condemnamur.
1359 2866 1454 2914 militiae

357 2946 433 3010 grafia
442 2947 527 2996 merito
537 2961 629 3008 maguae
641 2946 758 2994 habentur
767 2946 959 3006 deliberatiouea,
970 2957 997 2997 et
1005 2951 1071 3014 leger
1083 2950 1165 2998 multae
1177 2948 1318 2998 conduntur.
1332 2945 1377 2996 aad
1391 2945 1455 2994 illud

357 3026 464 3076 omnium
474 3027 604 3074 maximum
613 3034 658 3084 eat,
667 3042 698 3075 ne
710 3027 763 3090 quir
774 3042 826 3074 maa
836 3027 954 3076 seminare
965 3030 1017 3078 aine
1027 3030 1141 3094 magistro
1155 3046 1183 3078 ac
1201 3028 1305 3094 principa
1321 3028 1456 3092 quiequam

357 3117 429 3170 agat:
441 3123 486 3156 nac
497 3107 557 3156 ciria
568 3107 708 3170 cujusquam
719 3107 812 3156 auimua
824 3107 873 3157 rire
880 3107 940 3172 joco
953 3109 1003 3158 aire
1014 3111 1076 3158 aerio
1087 3109 1178 3174 aliquid
1187 3109 1262 3158 lacere
1281 3108 1345 3158 aolus
1363 3114 1390 3156 et
1407 3122 1460 3156 auo

356 3187 479 3238 dumtaxat
496 3187 607 3236 arbitratu
627 3197 783 3247 couaueacat;
800 3189 844 3238 ned
862 3197 912 3238 tum
926 3189 952 3238 in
969 3190 1035 3239 bello
1053 3206 1123 3256 quam
1145 3191 1172 3238 iu
1192 3205 1251 3256 pace
1270 3189 1301 3237 ad
1319 3187 1455 3254 principem

355 3271 646 3334 magistrumquesernper
656 3268 812 3332 reapiciat,et
829 3285 885 3318 curu
903 3286 1046 3334 quocunque
1063 3279 1184 3335 nequatur,
1205 3279 1276 3336 atque
1293 3270 1329 3318 ita
1347 3267 1379 3317 ad
1399 3267 1457 3332 ajua

356 3357 441 3398 nutum
455 3349 822 3406 semitoniorumque!
838 3351 934 3400 minima
949 3366 1049 3416 querque
1058 3351 1088 3400 ab
1099 3369 1129 3401 eo
1144 3351 1290 3417 gubernatae
1306 3349 1386 3406 iaciat,
1404 3359 1456 3398 atet

355 3447 411 3480 cum
419 3431 528 3495 jubetur,
539 3439 565 3480 et
574 3445 656 3480 roraua
662 3430 743 3496 juarue
760 3431 933 3496 proficiscatur,
954 3440 1098 3488 exerceatur,
1113 3434 1217 3488 lavetur,
1234 3429 1350 3488 oomedai,
1372 3437 1458 3494 turgt!

354 3519 436 3569 nocte,
456 3511 660 3574 custodiamque,
670 3511 711 3562 det
722 3513 790 3576 algua
801 3520 827 3562 et
836 3513 940 3562 riciadrn
952 3513 1099 3578 accipiatur
1110 3515 1136 3562 iu
1152 3513 1206 3578 ipae
1225 3512 1308 3577 prelio
1323 3526 1369 3558 uec
1384 3509 1456 3558 inae·

355 3601 441 3656 quatur
450 3607 554 3656 unqaam
564 3606 609 3640 uec
622 3591 701 3656 cedat,
713 3593 756 3640 oiri
765 3594 878 3658 princepe
888 3601 915 3642 et
924 3594 1037 3658 magister
1047 3593 1232 3659 significaverit:
1255 3601 1289 3650 et,
1304 3598 1333 3640 ut
1348 3605 1456 3640 rumma-

354 3675 400 3730 rim
411 3675 498 3729 dicam,
509 3687 578 3721 nemo
588 3672 685 3736 penitua
696 3682 830 3736 cognoscat,
841 3672 898 3740 quid
918 3675 951 3724 ait
969 3690 1074 3725 seorsum
1090 3673 1120 3724 ab
1138 3674 1192 3724 aliia
1210 3688 1298 3738 aqere;
1319 3671 1361 3720 aed
1380 3670 1454 3718 ainul

354 3769 450 3820 comper
460 3754 639 3818 communiaque
651 3769 722 3818 quam
731 3755 833 3804 manime
844 3756 955 3808 omuibus
971 3757 1020 3807 rita
1030 3757 1070 3806 rit.
1085 3756 1146 3806 nihil
1162 3755 1229 3805 enirn
1246 3755 1291 3802 bac
1310 3768 1334 3800 re
1357 3751 1455 3810 melina,

353 3835 413 3882 nihil
430 3836 590 3898 prestantius,
602 3835 661 3882 nibil
680 3835 827 3886 artificioaiur
845 3853 948 3902 uuquam
966 3839 1013 3888 erit
1030 3839 1062 3888 ad
1080 3838 1181 3888 salutem
1202 3845 1227 3884 et
1244 3833 1369 3883 victoriam
1388 3831 1457 3880 bello

353 3914 532 3976 acquirendam.
548 3917 592 3964 hoc
607 3915 689 3980 iprum
700 3916 771 3964 etiem
789 3917 814 3965 in
832 3933 892 3980 paee
909 3920 939 3966 ab
958 3919 1010 3982 ipra
1028 3919 1139 3982 pueritiav
1150 3925 1254 3974 arment,
1269 3921 1455 3978 aaaueaeautque

353 3994 414 4042 aliea
423 3994 510 4044 ducere
520 4005 546 4046 et
556 3996 586 4044 ab
597 3997 650 4046 aliia
668 3996 733 4048 duci.
751 3997 829 4046 solute
846 4013 902 4048 vero
921 3997 1045 4048 licentiae
1063 3999 1113 4048 rita
1128 3998 1228 4062 penitus
1243 3996 1386 4060 expellatur,
1404 4009 1455 4042 w

352 4075 477 4124 hominurn
487 4077 571 4134 aolunr,
582 4077 625 4126 aed
636 4078 708 4126 etiam
729 4077 870 4134 bertinum,
888 4093 941 4140 que
956 4078 1000 4127 aub
1018 4079 1156 4128 bominibus
1172 4085 1237 4126 runt.
1253 4091 1337 4126 omnen
1358 4089 1457 4139 quoque

352 4156 445 4206 choreae
455 4157 497 4213 ita,
509 4165 536 4205 ut
549 4157 610 4206 bene
630 4167 725 4222 geratur
747 4157 846 4214 bellum,
868 4157 1013 4208 celebranda
1033 4171 1100 4210 ruat:
1123 4169 1196 4224 atque
1216 4159 1295 4208 omnia
1314 4156 1457 4212 demum,

350 4235 461 4292 facilitas,
472 4238 633 4302 promptitudo
644 4237 751 4304 ejusdcm
762 4241 795 4288 rei
815 4254 888 4290 cauea
902 4241 1067 4304 comparanda.
1083 4241 1114 4290 ob
1132 4242 1235 4290 eandem
1252 4255 1348 4288 murare
1366 4253 1459 4286 conau-

352 4333 433 4366 eacere
445 4319 560 4370 debemur
578 4335 593 4370 a
612 4320 665 4368 cibo
684 4328 709 4368 et
731 4329 790 4384 potu
805 4321 933 4376 abstinere,
949 4320 1023 4384 fn'gur
1040 4329 1172 4386 reatamque
1192 4332 1218 4370 et
1233 4321 1321 4372 cubilia
1336 4319 1455 4368 duritiem

348 4399 409 4464 pati,
421 4409 447 4449 et
463 4400 579 4464 imprimis
593 4400 680 4464 capitia
697 4401 833 4466 pedumque
850 4405 962 4451 virtutem
977 4402 1063 4450 alienia
1083 4403 1212 4466 tegmentis
1219 4416 1274 4458 uon,
1288 4415 1455 4464 corrumpere,

347 4493 394 4528 uec
405 4481 521 4544 pileorum
531 4482 711 4545 colonorumque
724 4497 737 4530 a
748 4482 900 4544 generatione
915 4481 1023 4532 datorum
1041 4491 1150 4532 naturam
1168 4481 1347 4546 perderemur
1368 4489 1455 4529 extre.
