3102 5312
137 485 212 572 rvr]
472 495 528 554 on
549 491 721 554 auersus
748 491 821 557 uu.
842 494 896 554 vr.
1164 491 1225 556 eeu

135 652 235 701 minime
250 663 365 718 poemat:
383 667 423 702 eas
444 663 531 711 numm,
542 669 594 719 que
613 662 719 718 ponunt,
729 661 806 702 amate
819 671 827 713 ς
842 653 990 718 libenterque
1010 653 1065 702 illas
1085 654 1187 716 amplexi
1197 655 1221 702 in

137 733 279 796 ipsisvitarn
300 737 370 799 agite
388 745 466 784 cetera
483 751 540 783 vero
559 735 645 791 studia,
656 751 708 799 qun
727 736 774 783 alio
792 736 928 782 teuduutet
947 737 976 782 ad
986 734 1162 798 vulgariaboua
1172 749 1222 782 rsa·

138 814 239 876 picinnt,
250 817 360 878 spernite.
392 817 439 865 Sed
458 817 552 864 initium
571 817 721 879 sequentium
742 816 818 878 legum
831 816 874 862 hoc
884 809 952 863 nobis
961 817 991 862 sit
1000 831 1015 863 a
1024 816 1096 863 sacris
1106 831 1221 864 exorsum.

137 903 233 957 oportet
250 897 355 959 primum
367 905 482 960 repetere,
494 905 552 961 quot
570 911 684 944 numerius
704 896 807 960 quinque
828 895 937 950 millium,
948 905 973 942 et
983 897 1136 959 quadragints
1150 897 1222 959 parti-

138 975 217 1024 tiones
226 979 360 1026 'commodas
370 979 452 1026 habuit
461 985 532 1042 atque
544 979 631 1035 babet3
647 986 699 1025 turn
717 985 779 1024 totus
797 977 850 1040 ipse
859 991 975 1032 uumerus,
986 983 1036 1024 trum
1046 977 1087 1039 qui
1098 991 1140 1040 per
1150 976 1226 1024 tribus

137 1055 204 1119 ipsas
223 1057 356 1121 porrigitur,
377 1073 447 1122 quern
467 1061 540 1107 totius
565 1069 656 1122 par-tem
678 1058 839 1106 duodecimam
861 1057 989 1120 posuimus,
1008 1071 1080 1104 unam
1098 1064 1123 1104 et
1140 1057 1225 1120 viginti

137 1137 240 1200 vigesies
260 1139 385 1186 rectissime
408 1151 496 1188 natam.
512 1147 583 1202 atque
603 1147 629 1186 ut
648 1147 713 1186 totus
730 1149 839 1185 uumerus
857 1137 982 1185 duodecim
1000 1143 1092 1186 constet
1111 1137 1224 1201 partibrrs,

136 1218 173 1265 ita
193 1217 268 1266 tribus
289 1219 341 1282 ipsa
360 1221 384 1267 lu
403 1219 529 1268 duodecim
550 1218 670 1268 scinditur.
684 1219 790 1282 singulas
811 1218 890 1282 itaque
908 1225 988 1280 partos
1007 1231 1158 1266 mcmmease
1174 1217 1225 1266 Dei

138 1311 225 1346 munos
235 1299 367 1348 existimare
387 1301 508 1358 debemus,
519 1317 573 1350 cum
591 1309 617 1348 et
632 1313 723 1348 meuses
739 1307 764 1347 et
773 1299 893 1348 circuitum
904 1301 1006 1347 uuir-ersi
1016 1306 1150 1362 sequntur.
1166 1313 1225 1362 qua·

138 1387 236 1442 propter
243 1386 268 1428 et
278 1381 398 1429 civitatem
416 1391 510 1431 omnem
526 1380 600 1438 ducit,
611 1380 675 1446 quod
694 1381 751 1444 ipsis
770 1381 876 1428 innatum
888 1387 932 1434 est,
943 1378 975 1428 ad
986 1393 1026 1428 ess
1036 1378 1169 1427 sacrandas.
1184 1379 1225 1427 alii

137 1458 216 1506 iorssn
226 1459 316 1508 rectius
325 1477 395 1528 quam
406 1462 446 1510 aiii
467 1463 548 1526 pertiti
566 1471 629 1517 aunt,
639 1477 667 1512 sc
688 1461 742 1509 Diis
752 1462 889 1524 partitiones
901 1473 954 1510 snas
965 1459 1056 1508 felicius
1067 1461 1207 1508 dedicarunt
1216 1477 1229 1510 s.

138 1547 272 1587 nosautem
282 1555 346 1590 nuuc
365 1543 494 1591 rectissime
512 1544 649 1591 arbitramur
666 1543 769 1606 quinque
788 1541 887 1590 millium
897 1548 923 1588 et
940 1539 1095 1605 quadraginta
1105 1555 1226 1588 numerum

139 1620 249 1684 elegisse,
260 1622 302 1685 qui
313 1637 395 1670 omnes
405 1624 435 1672 ab
445 1639 492 1672 uua
502 1636 577 1688 usque
587 1623 618 1672 sd
629 1623 755 1672 duodecim
765 1621 895 1685 decisiques
905 1623 985 1680 babet,
995 1621 1120 1670 undecimo
1128 1633 1226 1669 numero

136 1700 215 1748 solam
233 1709 345 1766 ascepm,
361 1705 402 1767 qui
421 1705 517 1754 minimo
537 1706 639 1770 quodem
658 1703 762 1754 remedio
778 1704 957 1768 redintegratur.
973 1702 1100 1752 restituitur
1115 1701 1186 1759 euim,
1204 1691 1230 1750 si

138 1778 193 1828 dae
202 1781 233 1829 ad
244 1782 341 1830 demur
356 1791 448 1848 partem
458 1785 541 1844 dorum
559 1786 707 1836 aucmriut.
723 1786 774 1834 hec
792 1797 848 1832 sora
857 1797 917 1842 esse,
927 1797 1003 1832 sermo
1012 1797 1161 1848 neququam
1170 1797 1226 1846 pro·

136 1860 198 1911 litus
208 1861 234 1909 in
244 1862 294 1910 otio
303 1861 483 1918 montmoret.
501 1867 625 1916 eredentes
641 1865 713 1930 igitur
728 1864 839 1930 presenti
855 1864 956 1913 moroni
970 1871 994 1912 et
1001 1863 1088 1912 rationi
1099 1863 1224 1912 distribuu-

135 1955 199 1997 mut.
218 1950 245 1990 st
262 1941 389 2008 unicuique
409 1947 471 2010 parti
487 1947 568 1996 Deum
590 1949 627 1997 sel
644 1946 747 1995 Deorum
770 1946 845 1994 tilium
862 1946 1008 2002 invocantes,
1025 1944 1072 1996 aris
1091 1945 1231 2008 mteuisque·

135 2023 270 2087 hujumodi
280 2023 404 2082 dedicatis,
415 2027 440 2074 iu
457 2028 579 2077 sscfificiis
596 2035 725 2078 conventus
743 2029 803 2076 duos
821 2026 920 2092 singulis
936 2025 1056 2074 mensibus
1064 2025 1186 2083 ficimus,
1197 2033 1224 2072 ut

138 2101 264 2152 duodecim
275 2105 418 2169 singultum
429 2107 528 2157 umorum
540 2117 565 2156 et
585 2109 709 2158 duodecim
728 2109 829 2157 civitatis
846 2106 1002 2156 distributioni
1012 2106 1225 2155 accommodentur.

135 2185 189 2232 bec
209 2183 313 2233 Deorum
331 2187 407 2250 primo
425 2189 601 2253 dirinommqus
620 2188 771 2238 colendorum
789 2189 864 2252 gratia
878 2188 1000 2236 itabant:
1018 2187 1104 2234 deiude
1115 2186 1225 2234 amicitie

135 2278 232 2328 quoque
251 2273 278 2314 st
294 2268 436 2330 cognitionis
453 2271 558 2327 elusum,
570 2279 596 2318 st
614 2271 743 2318 communis
761 2271 863 2333 denique
881 2257 1156 2331 consuemdiuir'grutia,
1170 2281 1224 2331 que

135 2345 170 2392 ad
191 2346 338 2395 matrimonia
358 2349 506 2399 conicienda
522 2366 669 2415 summopere
691 2351 822 2400 neumatis
843 2357 894 2398 est:
916 2357 951 2406 ut,
972 2349 1064 2397 sublata
1082 2349 1224 2412 ignorantia,

133 2441 211 2473 nemo
229 2426 254 2473 in
272 2427 317 2483 bis,
333 2429 410 2492 quoad
428 2430 480 2479 fieri
497 2441 582 2496 potest,
600 2430 746 2496 decipiatur;
764 2430 807 2478 sed
826 2431 980 2496 quisqus,cui
999 2429 1107 2487 collocat,
1118 2437 1222 2494 utquam

136 2513 166 2554 et
176 2519 191 2554 a
201 2506 286 2570 quibus
302 2507 374 2570 ducit,
384 2519 504 2574 agnoscet.
521 2513 582 2561 serie
598 2510 724 2560 admodum
742 2512 809 2577 hojum
826 2513 859 2560 rei
872 2511 946 2575 gratia
961 2511 1013 2559 ludi
1032 2510 1223 2574 etismcburique

135 2587 271 2652 positorum
283 2595 307 2636 et
316 2591 446 2652 puellarum
455 2593 523 2641 simul
534 2593 585 2641 deri
604 2594 701 2649 debent,
720 2591 815 2640 nudatis
825 2591 966 2656 corporibus,
978 2599 1094 2655 qnatenus
1103 2590 1225 2639 modestus

134 2667 214 2731 pudor
224 2668 321 2732 patitur,
331 2678 358 2717 ut
366 2685 419 2720 cunr
437 2673 526 2722 ratione
546 2673 570 2722 in
591 2682 659 2723 etate
682 2673 831 2722 conuenienti
850 2671 997 2736 conspiciunt
1006 2674 1144 2721 alterutrum
1154 2678 1224 2736 atque

136 2748 320 2812 conspiciantur.
337 2767 390 2815 que
411 2752 507 2816 quidem
529 2755 606 2802 omnis
627 2761 711 2803 curent
732 2761 861 2817 omentque
883 2753 949 2802 ebori
970 2753 1097 2816 principes,
1110 2751 1182 2816 [7⁷2]
1199 2761 1224 2800 et

137 2845 189 2877 cum
201 2831 279 2893 legum
299 2831 435 2881 custodibus
453 2833 593 2893 conditores,
604 2845 629 2883 ut
639 2851 655 2883 a
671 2836 739 2883 uobis
758 2835 843 2884 relicte
853 2835 986 2897 suppleant.
1002 2847 1098 2880 necesse
1113 2847 1222 2896 namque,

136 2917 163 2957 ut
174 2910 281 2967 diximus,
292 2912 318 2959 iu
337 2913 374 2959 bis
396 2915 532 2976 presertim,
543 2931 595 2979 quae
614 2917 688 2963 suultn
707 2929 826 2978 purrnqus
845 2923 908 2968 sunt,
918 2915 1032 2962 nonnulla
1051 2914 1075 2961 in
1093 2914 1222 2978 primopo-

136 2991 222 3042 sitione
244 2993 323 3055 legum
346 2995 502 3056 prasterrnitri,
523 3011 575 3059 qun
596 2996 743 3057 magistratus
764 3003 897 3058 sequentes,
919 3009 962 3042 usu
983 3009 1059 3042 uerum
1080 2995 1224 3052 commoniti,

138 3073 266 3135 quotannis
284 3075 410 3122 movebunt
426 3083 451 3122 et
471 3076 604 3139 corrigent:
622 3073 697 3123 donec
715 3081 807 3138 tempus
825 3073 886 3121 illud
907 3075 1039 3130 advenerit,
1054 3089 1100 3138 quo
1118 3075 1225 3123 mensura

139 3153 190 3200 hec
210 3152 315 3202 dimum
332 3163 358 3202 et
377 3156 506 3220 approbata
524 3155 667 3203 sufficienter
685 3154 756 3201 iuuisse
775 3153 906 3201 videantur.
922 3161 1013 3217 tempus
1032 3167 1109 3202 autem
1130 3154 1161 3202 ud
1178 3157 1224 3204 hoe

137 3233 270 3296 periculum
289 3234 422 3283 iaciendum
441 3236 585 3284 moderatum
604 3243 629 3283 et
649 3234 765 3282 sufficiens
784 3235 925 3282 decennium
945 3235 998 3297 erit,
1018 3234 1095 3298 quoad
1115 3249 1180 3283 sacra
1201 3243 1226 3283 et

137 3315 248 3368 choreas,
259 3313 290 3361 ad
306 3316 383 3363 omnia
401 3317 504 3380 denique
521 3325 591 3380 etque
611 3317 711 3379 singula.
727 3331 780 3379 qure
798 3314 893 3380 quidem
911 3331 953 3379 per
964 3315 1132 3378 experientiam
1143 3329 1225 3364 ernen-

137 3393 214 3448 datio,
227 3395 319 3443 virente
339 3398 500 3461 legumlatore,
512 3397 666 3445 communiter
687 3411 738 3444 cum
752 3396 802 3444 illo
824 3396 873 3444 fiat.
889 3396 909 3444 si
932 3395 1067 3450 decesserit,
1077 3396 1165 3459 singuli
1176 3412 1223 3445 rua-

138 3475 291 3538 gistratused
309 3464 385 3540 legurir
407 3479 516 3527 custodes
536 3479 566 3526 de
585 3478 620 3525 sui
637 3479 786 3541 magistratus
807 3477 901 3525 deiectu
919 3477 1029 3532 referant,
1044 3478 1224 3542 emendentque,

136 3557 216 3604 donec
238 3557 413 3620 approbationis
434 3559 504 3608 finem
525 3573 592 3606 suum
620 3566 690 3607 nacte
710 3559 802 3624 singula
828 3557 958 3608 rideantur.
983 3565 1039 3606 tunc
1061 3559 1154 3606 demum
1164 3567 1226 3606 ratas

137 3637 183 3684 bas
199 3637 263 3701 leges
279 3638 388 3694 habeam,
406 3641 487 3704 eisque
503 3655 550 3688 una
574 3657 626 3689 cum
644 3641 704 3698 eliis,
729 3657 788 3705 quas
816 3641 845 3688 ab
860 3639 929 3687 initio
945 3638 1064 3702 legislator
1080 3640 1225 3702 conscripsit,

137 3725 250 3766 utantur:
268 3719 293 3767 in
317 3721 400 3785 quibus
417 3722 476 3770 nibil
492 3735 594 3785 uuquam
615 3729 700 3786 sponte
717 3724 849 3770 movebunt.
874 3721 893 3768 si
909 3735 957 3781 qua
972 3733 1026 3766 reru
1041 3720 1168 3767 necessitas
1184 3720 1227 3768 ali·

138 3800 236 3862 quando
252 3815 335 3865 urgere
350 3803 476 3858 ridebitur,
493 3801 524 3850 de
546 3803 590 3851 hoo
606 3817 654 3850 uus
670 3804 804 3851 consolrent
823 3802 971 3866 magistrstus
986 3815 1067 3848 omnes
1083 3807 1108 3848 et
1125 3799 1232 3863 populns'

138 3880 280 3930 universus:
298 3890 323 3930 et
333 3883 413 3932 omnia
428 3883 532 3932 Deorum
549 3893 658 3948 petantru
673 3883 774 3933 oracula.
792 3884 811 3931 ai
828 3885 908 3930 homm
925 3883 1027 3929 omnium
1038 3895 1098 3928 uuus
1109 3881 1153 3928 erit
1169 3895 1226 3928 corr·

141 3975 233 4018 sensura
250 3971 379 4011 morcant:
397 3965 464 4013 alitor
480 3979 534 4014 sero
556 3981 695 4029 nunquam
712 3966 753 4013 sed
776 3979 845 4020 unus,
861 3963 901 4028 qui
918 3962 1033 4026 probibet,
1049 3961 1127 4009 vincat
1143 3977 1227 4009 secun·

137 4041 196 4090 dum
216 4044 300 4107 legem.
323 4045 509 4111 quandocunque
531 4047 602 4110 igitur
622 4045 708 4110 aliquis
727 4046 830 4110 quinque
851 4053 876 4093 ot
894 4044 978 4108 viginti
997 4057 1070 4090 annos
1087 4042 1139 4107 jam
1148 4051 1228 4100 uatus,

136 4121 201 4170 alius
211 4123 330 4188 aspiciens
348 4127 377 4174 ab
395 4127 495 4191 aliisque
511 4138 629 4192 aspectus,
646 4125 794 4175 adinvenisse
809 4125 854 4174 sibi
872 4125 945 4173 eredit
955 4124 1136 4173 convenientem
1150 4125 1229 4172 animo

137 4217 182 4250 suo
189 4211 260 4267 atque
272 4204 397 4255 decentem
408 4208 543 4256 societatem
554 4208 585 4256 ad
596 4209 782 4256 communionem
794 4207 1013 4271 generationemque
1025 4205 1157 4261 liberorum,
1168 4204 1228 4252 iutra

135 4285 244 4348 quinque
265 4293 291 4334 et
305 4287 402 4351 triginta
419 4289 495 4337 eratis
511 4305 585 4336 eunus
599 4301 690 4336 uxorem
700 4289 778 4337 ducat.
796 4295 1007 4352 queautempacto
1017 4287 1127 4336 decorum
1136 4285 1230 4333 illudet

134 4371 219 4428 aptum
229 4369 380 4430 querendum
392 4369 431 4424 sit,
439 4369 465 4416 iu
475 4369 559 4432 primis
567 4369 655 4418 audiar.
671 4375 763 4432 oportet
773 4369 845 4426 eninr,
854 4377 880 4418 ut
889 4369 923 4418 ait
932 4368 1093 4425 eliminante
1102 4367 1228 4430 legsspro·

131 4446 215 4510 prium
234 4447 333 4511 singulis
348 4449 468 4498 exordium
479 4465 576 4514 ponere.
608 4451 666 4501 Gur.
684 4449 821 4514 Opportune
837 4450 974 4506 meministi,
983 4450 1078 4511 hospes,
1088 4453 1228 4508 tempusque

129 4527 285 4578 commodum
297 4530 399 4580 ontioui
409 4532 518 4596 cepisti·
535 4532 639 4582 Arnus.
655 4529 731 4582 Probe
743 4533 852 4597 loqueris.
869 4533 973 4582 dicamus
983 4526 1121 4593 iraquesic:
1142 4522 1165 4574 0
1186 4522 1227 4579 ΕΗ,
