3102 5312
309 495 371 558 ruo
684 489 687 497 ·
745 483 948 552 ιιιιοιιι
1324 491 1396 578 [eur

252 681 260 704 .
304 637 924 709 &manendumne-premere
938 641 1409 712 lepesdsDiis'rntiquespuriusner

306 723 434 794 dupliciter
442 726 525 792 posite
535 732 599 774 snut.
613 739 699 790 ueurpe
716 725 776 774 eiius
787 725 893 774 Deuruur
908 733 1040 782 uernum,
1055 739 1099 774 eos
1117 726 1190 790 ipses.
1200 741 1263 790 quus
1272 729 1412 786 mnes

306 811 419 860 nolimus:
439 807 513 872 [9⁸1]
530 806 652 856 sliosreru
662 821 711 855 nou
723 805 830 856 ridemus
841 805 948 872 quiden,
958 806 1001 856 sed
1012 821 1093 856 eorusn
1109 807 1226 871 inspires
1241 808 1401 870 febrimp

307 905 405 954 euque,
420 890 477 938 lieet
492 889 616 944 iusuimes,
634 887 691 936 dunr
711 887 859 944 imotenus,
878 885 947 934 Deus
964 886 1029 950 ipsos
1039 885 1148 936 ruentes
1157 887 1319 937 eristim
1330 889 1363 938 ob
1373 891 1407 939 id·

307 973 408 1020 ruerirue
426 969 496 1019 nubis
517 977 595 1033 pstor
613 976 638 1016 et
653 969 770 1033 propitius
791 967 850 1016 lore.
866 965 935 1030 cujus
953 981 1010 1032 ergo
1030 975 1099 1032 peter
1117 974 1158 1016 sut
1173 975 1250 1017 rnsner
1266 969 1305 1016 rel
1316 970 1399 1018 incuss

307 1061 418 1118 petentes
435 1051 503 1100 senio
523 1049 626 1099 coniecti
647 1047 715 1114 quusi
732 1049 962 1114 umuuqntusn
974 1049 1041 1098 domi
1053 1049 1153 1114 jseuu:
1168 1048 1398 1114 isputetunrrqusrn

305 1132 371 1182 uliud
381 1133 425 1181 sibi
435 1133 485 1180 tole
493 1129 646 1180 ιὶιιιιιΙιιιιιιιι
653 1129 776 1194 rnsgisque
787 1129 871 1180 effice:
879 1129 958 1180 donni
966 1146 1016 1180 ιιι
1023 1131 1161 1186 offuturum.
1172 1130 1276 1187 sirecte,
1285 1139 1312 1180 ut
1319 1131 1398 1188 decet,

305 1214 480 1264 sbeuculitur.
513 1211 572 1262 Cur.
588 1211 706 1270 Quisnern
723 1219 803 1260 rectus
824 1210 921 1261 colendi
944 1211 1047 1262 urudusi
1085 1211 1189 1260 Arnsrr.
1206 1210 1303 1260 Diesrn.
1324 1212 1398 1277 digus

305 1297 377 1352 eninr.
396 1311 412 1344 ο
427 1295 506 1351 unici,
522 1295 573 1341 hec
591 1293 675 1341 ruditu
691 1301 754 1341 snut.
788 1291 845 1340 Cur.
862 1291 916 1358 Age
934 1293 1015 1356 igitur.
1026 1293 1074 1340 dic.
1106 1291 1212 1338 Aruer.
1227 1292 1329 1354 (Fslipnr
1340 1309 1400 1342 m.

305 1385 410 1441 temptus
418 1391 434 1424 s
444 1375 500 1422 tiliis
509 1387 539 1420 es
549 1371 748 1433 iilisirnpreestus
757 1377 804 1426 est,
814 1386 868 1433 quse
878 1371 990 1419 ersudits
998 1369 1131 1434 effectuque
1142 1385 1157 1418 s
1176 1369 1232 1419 Iliie
1242 1371 1306 1434 opud
1314 1387 1401 1424 enses

302 1457 420 1504 teruntur.
453 1451 584 1518 Amyntore
605 1465 700 1514 quoque
722 1451 843 1500 Phenicio
861 1451 911 1498 filio
931 1451 1018 1498 ireturu
1038 1451 1074 1498 illi
1092 1451 1240 1500 neledisisse
1257 1452 1353 1501 irruet:
1370 1463 1398 1504 et

303 1535 437 1600 Hippolyto
443 1533 545 1588 Theseu,
555 1531 714 1596 plurimosque
721 1531 780 1579 ulios
789 1531 851 1578 eliis.
866 1530 950 1594 quibus
958 1531 1136 1594 apertissimum
1148 1531 1239 1580 iecturn
1249 1541 1292 1590 est,
1306 1548 1322 1582 ι
1338 1535 1398 1584 Diis

303 1631 388 1680 preces
405 1621 529 1678 purenturn
544 1612 655 1660 sdversus
672 1611 734 1660 filios
754 1612 869 1660 erendiri.
882 1612 943 1660 nibil
957 1612 1020 1660 enirn
1037 1612 1208 1676 inpreestiuno
1225 1617 1331 1677 percutis
1346 1629 1398 1665 non

302 1695 389 1759 injurie
400 1693 555 1759 perniciosius
562 1692 621 1742 lilio.
638 1707 708 1740 neruo
718 1707 783 1748 reru.
798 1709 854 1742 curu
864 1701 932 1757 puter
940 1701 982 1742 sut
991 1699 1067 1740 nrstsr
1077 1693 1108 1740 eb
1118 1708 1148 1742 eo
1158 1696 1329 1752 contemnitur,
1339 1705 1395 1747 tuuc

304 1776 376 1824 setun
393 1789 408 1823 e
422 1773 476 1823 Deo
493 1781 563 1838 potet
579 1773 702 1821 cretiones
713 1787 793 1822 eurum
804 1772 933 1822 secundino
944 1775 1182 1822 ostursnnersndiri:
1199 1775 1243 1824 sed
1258 1793 1313 1826 cunr
1325 1777 1399 1826 etim

302 1857 437 1912 honoretur,
454 1869 482 1904 sc
498 1853 554 1902 ideo
571 1869 624 1902 coru
640 1853 740 1903 lentiores
749 1855 813 1903 boue
825 1855 932 1904 liberius
946 1855 1002 1903 Diis
1012 1863 1107 1919 petunt,
1118 1857 1224 1905 eseudisi
1232 1873 1275 1906 eos
1285 1859 1398 1908 similiter

301 1937 433 1986 eristiursrs
447 1936 569 1992 debenus,
585 1941 658 2000 etque
677 1936 732 1984 ideo
751 1935 819 1984 nubis
838 1951 907 2000 equs
921 1935 978 1984 iude
995 1935 1112 1984 distribui
1127 1951 1183 1985 usur
1205 1939 1276 1986 sliter
1293 1941 1318 1988 in
1329 1940 1399 1990 horus

301 2017 468 2068 distribuendis
476 2015 535 2081 justi
544 2025 695 2066 nonemntr
713 2016 777 2080 quod
788 2018 857 2081 longe
868 2032 883 2064 s
893 2017 949 2066 Diis
959 2017 1042 2065 sberse
1053 2032 1149 2066 ueoem
1164 2027 1209 2066 est.
1240 2018 1299 2068 cnr.
1315 2020 1398 2070 Certe.

303 2099 406 2148 Arrun.
423 2100 574 2163 Qnspropter
582 2098 762 2146 existimendunr
772 2107 817 2156 est,
826 2107 853 2146 ut
861 2099 933 2163 punio
943 2106 998 2147 suto
1010 2099 1122 2156 dirim
1136 2099 1226 2148 nnlluur
1243 2099 1309 2162 epod
1328 2100 1395 2150 Dens

300 2180 375 2244 turgis
395 2179 559 2228 houurundum
577 2178 727 2228 simulacrum
745 2180 831 2228 bbere
852 2194 898 2228 uos
915 2194 995 2244 pune,
1015 2195 1086 2243 quern
1107 2185 1184 2242 patres
1200 2187 1225 2228 et
1245 2193 1302 2226 sves
1322 2181 1392 2230 senio

300 2260 427 2316 ooniectus,
448 2266 583 2323 monesque
603 2257 719 2312 similiter.
738 2257 823 2324 quibus
843 2259 965 2309 honoret&
993 2259 1062 2308 Deus
1090 2259 1191 2324 pendet:
1219 2258 1325 2322 euequin
1346 2275 1392 2310 eos

299 2339 396 2388 nuntme
415 2339 546 2390 erudiret.
562 2338 695 2388 niretttinr
708 2339 772 2390 eninr
789 2349 913 2405 psrentuur
931 2341 1080 2390 simulecrnur
1097 2339 1172 2396 netis.
1185 2352 1257 2404 quens
1272 2339 1396 2390 honines

299 2435 399 2486 queque
408 2419 533 2484 iruspinos,
544 2419 622 2470 rideri
631 2421 712 2469 debet,
727 2435 782 2469 nenr
793 2437 846 2485 que
854 2422 957 2471 suiusrn
966 2421 1063 2479 hbent,
1073 2421 1165 2486 qosrrdo
1172 2420 1284 2472 coluntur
1291 2422 1393 2481 euobis,

301 2515 344 2566 pru
361 2499 430 2548 nobis
437 2507 506 2548 nunt
514 2499 642 2564 issentque
653 2500 761 2565 quotidie
770 2517 777 2548 ι
790 2503 884 2566 quendo
893 2501 1066 2566 despiciuntur,
1076 2509 1166 2552 uentre.
1182 2517 1236 2567 qne
1245 2517 1304 2551 vero
1313 2503 1395 2552 snirss

214 2603 217 2608 ·
298 2587 516 2636 retenturum
532 2580 728 2631 horunriseiunt.
744 2583 863 2647 quadros,
881 2585 923 2649 qui
939 2599 996 2648 erps
1013 2591 1126 2648 perentes
1139 2589 1164 2632 et
1180 2597 1234 2632 sror
1254 2588 1395 2647 ceteroque

298 2659 652 2725 hujusmodirecresegeritir
663 2662 1393 2728 erlDeesn'bieuncilisndussinnulsuurunousniunnoptu’rns

298 2739 413 2804 possides.
446 2740 504 2791 Cur.
520 2741 637 2792 Precisre
653 2742 741 2794 dixisti.
780 2745 883 2796 Aruns.
907 2745 998 2796 omes
1018 2745 1093 2810 igitur
1113 2760 1163 2796 nun
1182 2745 1259 2796 inueni
1278 2751 1394 2794 verentur

297 2821 427 2886 coluntque
447 2829 572 2886 pereutuur
589 2825 716 2884 ondones,
735 2840 784 2874 non
792 2823 930 2892 ignorentes
939 2827 1022 2876 multis
1030 2841 1095 2892 repe
1105 2825 1222 2892 profuisse
1233 2825 1394 2890 ubiuisseqoe.

298 2900 374 2966 [tili]
391 2917 444 2951 cum
453 2903 504 2953 hec
514 2902 550 2953 itu
559 2911 643 2954 usone
652 2907 781 2956 constitus
792 2907 848 2965 rint,
856 2907 937 2972 probis
946 2907 1043 2972 quidem
1053 2907 1111 2956 ririr
1119 2905 1224 2956 seniores
1230 2913 1344 2970 puentes
1350 2919 1396 2971 pru

298 2992 497 3048 mgnoqnertn
519 2985 848 3044 hnbmtur,risdseniunr
870 2989 1131 3054 usqueperreneriut:
1157 2986 1397 3050 siurerujuninres

298 3063 451 3122 decertem,
469 3066 540 3115 uide
554 3066 725 3118 tondemur.
742 3068 854 3133 inprobis
870 3077 950 3118 sutenr
959 3077 1041 3118 cuntrs
1053 3067 1124 3118 rulde
1133 3067 1243 3117 terribiles
1253 3071 1317 3116 sunt.
1332 3081 1394 3130 qus·

296 3153 391 3210 psopter
401 3145 508 3210 quilibet,
518 3147 649 3198 retienibns
658 3149 696 3198 hir
704 3149 824 3206 induetur,
834 3157 946 3214 perorsos
956 3165 1013 3200 suos
1023 3149 1156 3198 ”cundum
1166 3149 1358 3213 lepunnouoret.
1368 3149 1393 3198 ι’

297 3225 350 3289 quis
360 3240 415 3274 reru
425 3227 550 3274 surdussd
561 3229 612 3276 hec
623 3229 768 3285 exordis‘sit,
778 3229 1125 3294 nonetegenreeueroserunr
1134 3229 1231 3279 sudist:
1259 3228 1392 3294 ¹Siquisirn

295 3303 341 3354 hee
348 3305 446 3354 civitate
456 3305 541 3364 rninus,
551 3320 621 3368 quoru
632 3305 711 3362 decet,
722 3317 835 3369 perantes
845 3311 918 3374 colet,
931 3326 975 3359 uec
991 3309 1066 3374 ursgis
1077 3325 1119 3360 eos
1128 3323 1202 3375 quern
1211 3309 1274 3358 tttne
1283 3315 1396 3374 nepotes·-

297 3400 344 3450 que
363 3393 389 3434 et
405 3399 430 3434 se
447 3385 525 3449 ipsorn
540 3383 633 3449 diliget,
644 3399 693 3449 pre
709 3386 794 3436 retnis
803 3401 886 3438 eurnru
897 3390 1013 3440 rulnnmi
1025 3391 1053 3440 in
1062 3391 1174 3440 munibus
1183 3391 1333 3454 uboequns:
1351 3390 1395 3454 qui

295 3465 331 3515 its
350 3465 489 3532 negligitur,
511 3480 554 3529 per
574 3480 601 3513 se
621 3467 661 3514 rel
681 3481 726 3532 per
741 3466 823 3524 elien,
839 3468 870 3517 sd
888 3475 935 3520 tres
948 3471 979 3520 de
990 3469 1393 3536 legumcnstedibuseniuresrern

295 3545 396 3609 deteret,
414 3553 439 3595 et
453 3544 1098 3614 sdnessirstiliterdeconuubiorunrprocurstoribus:
1115 3552 1157 3616 qui
1172 3565 1198 3600 re
1214 3549 1392 3614 inroffigstsin

296 3641 347 3685 eus,
355 3627 398 3693 qui
406 3626 514 3693 injurium
524 3626 663 3684 intulerunt,
674 3627 871 3679 eninsdrertuut.
885 3630 911 3680 iu
918 3632 982 3680 viros
993 3632 1099 3698 quidem,
1112 3633 1133 3681 si
1142 3631 1290 3697 trigesimus
1300 3647 1391 3682 snuuur

295 3721 345 3756 uun
365 3707 517 3764 excessen'nt.
532 3713 559 3755 et
574 3709 601 3756 in
616 3708 735 3767 mulum,
746 3709 989 3777 siqusdrspesinrunr,
998 3713 1101 3763 vinoun
1118 3723 1191 3777 etque
1207 3713 1356 3763 renonibus.
1372 3715 1394 3764 si

297 3795 377 3836 sutsru
393 3789 553 3852 provectiores
568 3795 646 3846 etete,
657 3805 727 3854 quern
738 3790 848 3848 ᾱίιίιιιιι,
859 3793 915 3852 sint,
924 3809 1002 3858 neque
1013 3793 1123 3843 desinunt
1132 3801 1244 3858 'mentes
1259 3793 1392 3859 negligere,

296 3867 372 3916 imno
387 3883 429 3916 eos
443 3869 516 3918 etinrn
524 3870 636 3934 sffligunt,
646 3871 677 3919 sd
689 3871 806 3936 judicium
816 3874 852 3923 ire
859 3876 1039 3940 cumpellsutur·
1051 3874 1162 3940 judicent
1172 3883 1254 3924 sutem
1264 3877 1340 3933 eires,
1350 3877 1394 3940 qui

298 3953 370 3994 utute
380 3955 470 3997 ceteros
477 3951 831 4003 omnesnnsxinresuteoeduut:
847 3963 873 4004 et
881 3955 1050 4006 condemnetur
1061 3956 1138 4005 solvet
1147 3956 1290 4020 psdsturre,
1301 3957 1394 4020 qrod's

294 4025 390 4092 judicio
407 4035 531 4089 ιιιιιιιιιιι,
549 4033 584 4081 ite
601 4042 629 4082 ut
643 4033 703 4083 nihii
718 4036 920 4099 pretermittstur,
936 4037 1000 4101 quod
1014 4037 1070 4086 dere
1080 4039 1201 4086 homiuum
1211 4037 1297 4101 uliquis
1307 4037 1392 4102 pstire

299 4105 381 4171 poerit.
398 4106 417 4153 si
434 4109 487 4170 quis
496 4125 561 4168 reru,
572 4129 626 4162 cunr
636 4115 736 4164 sidietur
746 4117 785 4173 sit,
796 4116 889 4166 deferre
898 4133 946 4167 nun
957 4127 1045 4183 potest,
1055 4119 1191 4183 quicunque
1201 4119 1262 4168 tiber
1277 4118 1393 4176 eudierit.

297 4185 473 4250 mgistrstibus
491 4191 587 4240 nuntiet
598 4210 604 4238 =
622 4203 663 4243 eut
678 4197 797 4262 improbus
816 4198 929 4248 bebatur
944 4209 969 4247 et
986 4215 1001 4248 s
1010 4200 1106 4248 volente
1115 4198 1223 4264 quolibet
1232 4199 1315 4248 dernni
1325 4197 1391 4246 illsti

298 4273 429 4318 socnsetm.
445 4268 463 4316 ri
473 4277 551 4318 eutem
561 4286 640 4321 serene
650 4275 769 4336 detulerit,
781 4278 839 4328 liber
848 4287 908 4328 esto.
923 4279 1018 4344 quodni
1029 4280 1156 4344 etiiigentis
1166 4280 1204 4328 rol
1215 4279 1390 4330 oflietiserms

296 4347 336 4406 sit,
359 4347 385 4398 in
406 4346 536 4398 libertsteru
555 4366 569 4398 ι
587 4354 756 4418 msgirtrstlbus
774 4359 912 4410 vendicetur
924 4377 929 4406 :
947 4361 985 4408 rin
1002 4369 1083 4410 eutem
1102 4359 1207 4425 alicujus
1221 4361 1317 4410 stratu
1325 4358 1388 4409 cir'ur

297 4443 379 4478 ml!
389 4428 469 4486 futili·
480 4429 580 4494 pretinm
596 4432 691 4484 domine
708 4439 802 4502 publice
813 4440 964 4504 persolvetur.
980 4457 1043 4490 cure
1052 4457 1109 4491 rere
1119 4441 1292 4507 mgistrstibur
1302 4441 1388 4496 niune

298 4509 352 4570 quis
367 4510 398 4568 ei,
415 4510 455 4574 qni
465 4511 584 4571 detulerit,
594 4525 686 4568 nocent.
703 4533 755 4581 qne
765 4533 858 4570 veneno
868 4521 919 4572 eliis
930 4521 960 4570 sb
971 4523 1018 4572 ulio
1029 4523 1098 4580 liunt,
1110 4523 1189 4574 letslis
1200 4523 1299 4589 quiden
1309 4521 1389 4574 utris
