3160 5314
309 519 367 583 ιιι
760 517 962 580 perronio
1026 463 1036 480 '
1238 563 1246 570 .
1332 525 1408 604 [42³

308 678 374 728 tione
384 673 563 728 illiberalitatern
576 681 601 724 et
609 673 724 725 maleficia
734 673 819 738 gignit.
851 673 915 724 Aor.
932 673 971 722 Sic
981 679 1018 722 ert
1029 687 1131 738 prorrua.
1148 682 1318 734 verumtamen,
1327 694 1347 736 o,
1360 678 1408 726 So·

308 767 393 818 crater,
404 758 572 819 animadverte,
582 770 671 822 quero,
689 771 738 820 qno
755 762 826 819 pacto
845 761 925 804 nostra
943 756 994 804 hrec
1012 755 1104 812 ciritae,
1121 755 1303 820 cum'peeoniir
1319 765 1410 818 careat,

308 839 396 888 bellom
407 853 487 902 gerere
497 836 593 902 poterit,
604 835 729 899 prerertim
740 834 759 882 el
770 835 866 899 quando
877 835 988 884 cdverrnr
999 835 1102 900 omplarn
1120 837 1305 901 opulentamque
1321 837 1408 886 cirita·

308 927 355 968 tem
366 934 429 968 arma
439 929 536 982 cogetur
552 932 681 981 capescere.
714 916 755 966 So.
773 915 873 965 Conrtn
891 915 982 980 utique,
993 917 1058 980 qood
1076 917 1187 966 advertor
1209 934 1279 968 onom
1298 919 1407 978 difficile,

307 1001 350 1050 red
369 1002 479 1050 adrerruc
497 1000 556 1046 duar
579 997 636 1046 teler
658 1005 721 1046 cerm
740 997 841 1046 facilior.
874 997 937 1046 Anu.
957 997 1085 1054 Quomodo
1103 997 1166 1046 irtud
1187 998 1238 1046 aia?
1271 998 1313 1047 So.
1330 999 1405 1055 Quod

306 1097 400 1148 equum
418 1089 455 1130 ent
472 1081 563 1146 utique,
574 1080 637 1128 dico.
670 1077 801 1142 Principio,
812 1079 831 1126 ri
843 1078 1013 1126 committenda
1026 1094 1105 1142 pugna
1123 1087 1167 1136 ert,
1179 1094 1258 1126 nonne
1277 1079 1301 1126 lri
1313 1079 1406 1128 bellicia

304 1161 506 1212 reboaerercitati
517 1161 627 1208 adverrua
647 1157 732 1208 diriter
750 1158 908 1223 pugnabunt?
941 1156 1005 1208 Aoi.
1022 1157 1107 1208 Pateor
1124 1160 1235 1223 equidem
1254 1159 1325 1208 irtud.
1358 1161 1407 1213 So.

303 1241 369 1298 Quid
380 1255 444 1300 vero,
458 1240 602 1290 Adimaote?
619 1255 679 1288 unor
690 1240 756 1304 pugil
767 1239 856 1303 optime
867 1239 897 1288 ad
910 1239 955 1286 hoc
967 1239 1093 1288 inatmctue
1104 1255 1183 1287 nonne
1194 1248 1276 1288 contra
1284 1242 1344 1288 duur
1355 1242 1401 1290 tru.

298 1319 340 1385 jur
350 1322 468 1372 incultatia
478 1323 580 1386 igneroa,
591 1321 675 1370 diriter
692 1323 787 1384 insuper
804 1336 831 1370 ac
850 1320 959 1384 pingues,
971 1320 1064 1368 videtur
1084 1320 1127 1368 riti
1146 1321 1215 1369 facile
1234 1323 1400 1384 pugnaturus?

301 1403 363 1452 Διιι.
379 1403 451 1452 Hand
460 1403 520 1452 lone
530 1403 607 1452 rimul.
641 1403 683 1452 So.
699 1403 738 1450 Ao
750 1402 810 1450 sorte
821 1416 898 1465 neque
909 1402 980 1449 etinrn
992 1401 1011 1448 ri
1024 1401 1116 1450 licuerit
1126 1401 1318 1465 rubterlugienclo
1335 1401 1400 1470 ejur,

300 1485 341 1548 qui
354 1484 441 1547 primur
452 1483 551 1540 invadit,
567 1483 628 1530 ictor
638 1482 734 1538 evitare,
745 1481 831 1530 deinde
843 1483 920 1530 nubite
931 1481 1085 1530 conversione
1104 1499 1158 1531 euro
1177 1483 1283 1531 credere?
1299 1483 1357 1546 quin
1378 1483 1400 1532 ei

302 1565 389 1627 aepiua
399 1564 442 1611 rulr
453 1563 502 1610 cole
514 1571 537 1610 et
549 1571 607 1610 ιιιιιιι
619 1562 643 1610 id
654 1563 737 1625 egerit,
748 1561 827 1626 plurre
837 1561 973 1624 hujusmodi
984 1563 1090 1616 homines
1102 1563 1135 1610 vir
1146 1563 1198 1612 tolie
1208 1563 1307 1628 robiget.
1332 1563 1399 1612 Amr.

224 1631 230 1642 Κ
301 1642 466 1709 Nempenilril
478 1644 568 1692 mirum.
602 1643 645 1694 So.
663 1641 763 1690 Annon
774 1641 937 1705 putendiuitee
949 1643 1034 1706 pugilli
1044 1643 1162 1692 facultatir
1172 1644 1302 1692 ocientiaet
1313 1644 1400 1708 peritia
1479 1660 1489 1670 ·

301 1725 490 1791 perticipereaee
501 1724 655 1788 mapiequmu
667 1722 777 1771 bellice?
810 1723 875 1772 Anu.
892 1722 1018 1787 Equidem.
1052 1724 1095 1774 So.
1112 1723 1191 1772 Facile
1202 1723 1282 1788 itnque
1298 1725 1397 1774 athletae

300 1805 385 1863 noctri,
397 1813 422 1855 ut
433 1812 615 1854 commonemur
635 1811 680 1867 ert,
691 1819 745 1852 cum
763 1803 842 1867 duplic
860 1803 983 1868 triplisque
1001 1805 1104 1868 ipsorum
1123 1805 1254 1854 certabunt.
1286 1804 1348 1856 Aur.
1366 1807 1397 1854 Id

280 1937 283 1942 ,
300 1903 395 1952 quoque
406 1887 536 1936 admittam.
553 1901 607 1932 nem
619 1885 690 1948 probe
702 1883 767 1948 loqui
779 1885 873 1933 riderIe.
908 1886 951 1936 So.
967 1885 1033 1942 Quid
1044 1885 1063 1932 ri
1075 1885 1143 1934 mirra
1152 1885 1177 1934 in
1189 1886 1307 1934 civitatem
1325 1885 1397 1936 aliam

298 1969 418 2033 legatione
429 1981 483 2016 nera
493 1965 603 2021 dixerint,
614 1966 678 2030 quod
690 1981 734 2013 noe
744 1965 840 2029 quidem
851 1981 908 2014 auro
919 1974 944 2014 et
955 1973 1052 2030 argento
1063 1979 1116 2014 non
1123 1967 1222 2016 utirnor:
1240 1982 1317 2030 neque
1327 1968 1397 2016 nobie

298 2050 334 2098 ιιι
340 2057 376 2100 ert
386 2067 392 2097 ι
405 2064 446 2096 roa
454 2063 509 2111 ergo
519 2046 606 2095 bellum
616 2045 737 2095 nobirourn
746 2055 863 2110 gerentes,
872 2063 926 2111 qum
934 2047 974 2094 alii
983 2047 1113 2110 poreideut,
1121 2047 1240 2101 habetote,
1248 2061 1330 2095 center
1339 2063 1396 2096 nero

298 2131 400 2195 aliquoe,
409 2130 445 2178 lrir
456 2127 552 2186 auditis,
559 2127 676 2177 electuroe
683 2136 764 2176 contre
773 2143 844 2176 caneo
852 2129 1045 2192 duroraptosque
1055 2141 1157 2190 pugnare
1165 2128 1253 2191 potius,
1261 2141 1395 2190 quomrum

299 2211 397 2260 canibua
409 2217 546 2260 unacontra
558 2209 658 2273 pinguea
670 2224 726 2258 ovea
745 2225 773 2258 oc
793 2208 893 2258 rnoller?
927 2209 990 2258 Aor.
1008 2209 1197 2272 Haudquaquam
1216 2207 1271 2255 milri
1290 2207 1394 2258 ridetur.

299 2291 388 2342 Verum
399 2293 420 2340 ri
430 2290 563 2374 inuniritete
574 2306 621 2338 ona
632 2299 762 2340 ceterorum
773 2291 881 2354 pecunice
893 2290 1049 2354 cumulentur,
1059 2304 1116 2338 care
1126 2305 1157 2336 oe
1168 2288 1245 2336 minue
1256 2288 1395 2351 pecuniorm

297 2371 427 2436 periculum
439 2371 531 2420 inferet.
563 2371 606 2419 So.
623 2371 713 2420 Beatus
723 2388 758 2428 er,
770 2371 962 2437 quondoquidem
975 2379 1043 2435 puter
1053 2370 1140 2418 decena
1157 2385 1208 2418 erre
1227 2369 1297 2416 aliarn
1315 2385 1393 2433 quan·

295 2453 350 2500 dam
362 2449 481 2516 appellare
492 2450 620 2514 civitatem,
631 2467 701 2515 quarn
714 2453 794 2508 telem,
806 2452 899 2516 qualern
911 2452 955 2516 ipsi
967 2450 1139 2500 conrtituirnur.
1173 2449 1236 2499 Ant.
1252 2451 1318 2508 Quid
1335 2466 1392 2513 pro·

295 2531 379 2580 hibet?
412 2530 455 2580 So.
472 2529 615 2594 Ampliorem
627 2532 811 2598 appellationem
822 2534 919 2598 exigunt
930 2533 992 2583 alim.
1009 2547 1062 2580 nern
1077 2547 1178 2597 qumque
1197 2531 1288 2580 illarum
1308 2531 1391 2580 cinito·

295 2619 332 2662 tea
342 2611 421 2660 multe
432 2619 496 2670 cunt,
505 2627 553 2660 non
564 2613 655 2671 ciritae,
666 2623 693 2661 ιιι
702 2629 766 2662 nrore
785 2614 866 2678 loquar
880 2614 1023 2678 jocantium.
1041 2629 1189 2679 unaqueque
1207 2628 1263 2662 cane
1280 2613 1333 2662 dum
1352 2620 1391 2662 eet

295 2691 388 2748 saltem,
397 2691 498 2743 invicem
509 2693 667 2744 diuidentem
685 2712 733 2744 una
744 2695 840 2760 quidem
857 2711 995 2760 pauperum,
1006 2695 1106 2744 divitum
1124 2695 1205 2744 altera.
1221 2710 1344 2758 ruraurque
1363 2695 1390 2742 in

295 2773 371 2837 [428]
390 2779 487 2837 utraque
499 2773 594 2822 interum
606 2777 744 2839 permultce3
761 2777 847 2842 quibua
859 2777 877 2824 ei
888 2785 915 2825 ut
926 2777 967 2825 uni
978 2776 1097 2840 intendaa,
1108 2775 1202 2840 penitus
1210 2776 1340 2824 abenebia:
1352 2776 1392 2824 rin

294 2859 323 2900 ιιι
332 2853 422 2916 multia,
432 2855 535 2904 tribuens
545 2872 583 2912 en,
593 2872 646 2920 qum
656 2857 753 2906 allorum
762 2867 827 2923 eunt,
838 2858 898 2915 nliir,
910 2866 957 2906 tarn
970 2857 1082 2922 pecuoina
1093 2871 1163 2922 quern
1175 2857 1301 2921 polentiae,
1312 2864 1354 2906 aut
1364 2863 1391 2904 et

293 2933 357 2996 ipeoe
370 2943 490 2998 pretereo,
500 2936 569 2984 eoeiie
579 2939 801 3003 auxiliatoriburque
812 2955 904 3003 temper
914 2939 994 2988 nutris
1004 2939 1083 2993 uterir,
1095 2938 1200 2986 hortibus
1211 2945 1289 2986 autern
1299 2939 1390 3000 peucin-

293 3017 327 3066 Et
336 3025 453 3082 quotenne
462 3016 554 3074 ciritae,
565 3017 600 3066 ita
610 3025 637 3066 ιιι
647 3033 721 3084 nuper
732 3019 841 3068 ordinata
849 3027 894 3078 eat,
906 3027 1035 3084 temperate
1045 3019 1147 3076 errictet,
1158 3017 1258 3066 murima
1267 3019 1319 3066 erit.
1337 3034 1388 3066 non

238 3099 244 3105 '
291 3099 322 3148 ad
333 3097 469 3162 opinionem
481 3097 585 3162 inquam,
596 3100 638 3148 red
649 3116 728 3150 rererc
739 3101 862 3150 maximnm
873 3101 931 3157 sore,
943 3100 1032 3149 etiamsi
1043 3098 1107 3148 mille
1117 3099 1237 3147 dumtaxat
1247 3113 1387 3162 propugna-

292 3178 382 3228 toribur
392 3187 493 3228 constet.
510 3179 542 3227 ita
552 3180 615 3228 enim
627 3197 735 3245 megnaor
747 3182 865 3232 civitatem
877 3197 947 3230 unam
959 3182 1022 3230 lreud
1033 3180 1102 3229 lrcile
1113 3179 1149 3226 vel
1161 3178 1221 3226 inter
1231 3177 1328 3228 eruere
1347 3181 1386 3230 rel

290 3260 352 3310 inter
363 3261 471 3310 barbaros
481 3262 624 3327 quandoque
635 3262 754 3327 reperim
771 3279 825 3327 qum
836 3271 914 3312 temon
925 3261 1089 3326 hujuscemodi
1106 3259 1199 3309 ciritete
1217 3260 1289 3308 multo
1309 3259 1387 3324 majo-

292 3355 328 3390 ιιι
337 3341 461 3390 vidcentur
473 3343 551 3390 multis
562 3343 676 3392 invenier.
692 3359 723 3390 an
734 3344 801 3393 aliter
812 3345 902 3392 sentin?
936 3343 999 3394 Aur.
1017 3343 1074 3392 Non
1085 3342 1152 3390 cliter
1162 3357 1204 3406 per
1218 3341 1311 3390 Jorero.
1341 3343 1389 3396 So.
1406 3331 1412 3335 ⁸

293 3420 333 3469 Διι
344 3437 392 3470 non
403 3422 442 3470 lric
453 3421 523 3486 igitur
534 3423 702 3486 pulcherrimua
711 3425 755 3472 erit
765 3425 849 3473 noetrie
860 3423 1004 3488 principibur
1015 3424 1130 3488 eugeodre
1148 3423 1248 3471 civitutie
1265 3423 1389 3481 terminon,
1413 3472 1417 3480 ,

292 3502 341 3560 eoi,
362 3517 415 3551 corn
437 3511 503 3550 tanta
525 3503 603 3560 luerit,
623 3511 711 3552 tentem
730 3506 848 3569 regionem
867 3505 967 3553 tribuere
988 3505 1066 3562 decet,
1078 3504 1191 3568 reliquero
1208 3511 1286 3552 autern
1306 3503 1389 3552 dimit·

290 3583 357 3633 tere?
390 3583 459 3638 Ant,
472 3585 588 3641 Quianam
600 3585 729 3634 terminus?
763 3587 805 3636 So.
815 3585 923 3634 Arbitror
940 3586 1058 3649 equidem,
1070 3600 1193 3648 quourque
1211 3585 1311 3632 adnuere
1327 3584 1390 3634 civi-

290 3671 327 3716 lu
345 3680 392 3714 ona
410 3673 594 3729 permnneat,eo
613 3681 687 3731 orque
706 3669 838 3730 cogendam
858 3683 917 3723 erse,
936 3683 984 3716 non
1005 3667 1073 3716 ultre.
1105 3663 1168 3714 Aur.
1186 3665 1309 3714 Prmolarc.
1342 3666 1389 3716 So.

288 3744 343 3795 Hoc
354 3755 466 3809 preterea
477 3755 620 3813 praeceptum
632 3749 769 3797 eurtodibur
779 3750 918 3797 serrandum
932 3747 1103 3810 mundabimus,
1115 3755 1141 3794 ut
1151 3763 1195 3796 nec
1209 3761 1279 3809 parve
1290 3745 1383 3812 *ciritae

289 3841 335 3874 nnc
354 3842 438 3888 magna
449 3828 554 3876 rideatur
565 3845 625 3885 erce,
637 3829 677 3878 red
689 3845 737 3877 uno
747 3837 818 3892 atque
829 3829 954 3878 rufficiene.
987 3827 1050 3876 Anr.
1067 3828 1141 3890 Arqui
1159 3827 1210 3874 lere
1229 3825 1286 3889 qnid
1306 3825 1388 3874 lorean

288 3905 335 3952 illia
346 3906 515 3968 precipiernue.
548 3909 591 3960 So.
607 3908 640 3956 Et
649 3910 712 3958 istud
725 3917 836 3974 pretereo
847 3909 929 3966 levius,
940 3907 1008 3972 cujnr
1024 3911 1047 3956 in
1067 3909 1223 3972 euporiorilrur
1241 3906 1387 3954 rnentlonern

288 3983 396 4040 lecimue,
407 3995 513 4048 oportere
524 3989 638 4045 dicenter,
649 3991 697 4038 rive
709 3991 761 4055 quie
772 4007 799 4038 ex
810 3991 949 4040 custodibus
959 3991 1056 4054 ignarus
1076 3997 1193 4044 noceatur,
1205 3989 1234 4036 nd
1254 3987 1312 4034 elion
1330 3987 1388 4034 roit-

288 4073 337 4114 tere
348 4081 354 4111 ι
366 4063 415 4111 aire
425 4081 452 4112 ex
464 4067 516 4115 aliie
527 4070 622 4131 probor,
633 4073 663 4118 ad
674 4073 785 4120 cuntodcc
797 4072 860 4134 ipson
869 4071 1000 4121 trenelerre.
1011 4069 1095 4134 inquo
1108 4069 1177 4134 pleno
1188 4068 1310 4117 ostendere
1318 4067 1387 4114 role-

289 4147 380 4202 bamur,
402 4146 465 4208 qnod
490 4154 514 4194 et
536 4147 633 4196 eliorum
655 4151 742 4200 civium
763 4167 953 4215 unumquemque
975 4153 1005 4199 ed
1027 4167 1098 4198 unurn
1120 4151 1145 4198 id
1170 4165 1230 4214 opor
1252 4149 1386 4205 dumtaxat,

288 4227 319 4275 cd
340 4226 404 4288 quod
423 4233 506 4274 nature
523 4236 559 4275 ert
576 4237 654 4292 optor,
673 4232 758 4280 ducere
776 4233 853 4295 decet,
871 4240 898 4280 ut
918 4232 1017 4296 quisque
1036 4247 1109 4278 unum
1129 4229 1218 4294 nliqoid
1237 4243 1305 4276 euuru
1323 4242 1389 4289 optra

288 4321 398 4358 exerceor
420 4321 468 4353 non
491 4307 567 4368 nrulti,
588 4311 628 4356 eerl
649 4327 708 4360 unus
730 4313 841 4361 exsistet:
869 4321 939 4374 etque
961 4311 996 4359 ite
1017 4311 1099 4359 ciuitas
1122 4319 1171 4358 tote
1192 4325 1239 4358 unc
1260 4308 1310 4364 liat,
1332 4323 1386 4356 non

287 4388 376 4438 multe.
408 4386 471 4436 Aor.
488 4387 530 4436 Est
546 4390 592 4438 hoc
610 4390 680 4438 etium
700 4393 740 4441 illo
759 4394 845 4444 minue.
878 4393 920 4442 So.
936 4393 1136 4456 llcudqunqucnr,
1155 4408 1170 4440 o
1188 4391 1250 4438 bone
1269 4389 1304 4436 uir
1323 4387 1391 4436 Adi·

287 4477 376 4533 mente,
388 4469 438 4518 hnc
458 4468 531 4517 multa
548 4484 576 4518 ac
596 4485 688 4532 mogon,
703 4481 730 4520 ut
746 4475 887 4524 existimaret
905 4473 1000 4537 aliquio,
1011 4473 1058 4520 illie
1076 4471 1241 4535 praecipimur:
1259 4470 1300 4518 aed
1320 4468 1389 4518 leuia

287 4552 366 4602 omnia
376 4550 507 4616 exigueque
518 4551 538 4600 sl
550 4567 631 4610 unum,
641 4559 668 4600 ιιι
679 4553 727 4604 dici
737 4554 805 4614 uolet,
818 4571 926 4621 oregnuor
937 4562 1046 4606 rcrrcnt:
1065 4554 1134 4604 immo
1159 4567 1213 4602 vero
1233 4565 1277 4615 pro
1299 4564 1392 4613 magno
