3174 5296
323 515 384 572 ero
726 511 922 572 erisrois
954 511 1008 574 iv,
1349 519 1423 595 [ιιι

323 668 490 732 precepiseem
509 667 556 716 tibi
567 666 634 732 quesi
646 667 768 722 docto,en
779 681 836 714 non.
853 667 963 732 respondi
975 675 999 716 te
1011 666 1137 732 idoptirne
1149 669 1294 718 meminisse.
1329 671 1427 735 Atipse

324 749 354 796 ed
378 749 429 798 lieu
450 747 575 813 edjecisti:
602 749 636 798 Ut
656 747 728 796 docto
746 749 771 796 in
794 747 943 812 geomeuie?
971 762 1002 794 en
1022 747 1161 812 quomodo?
1193 750 1262 799 Tunc
1283 766 1338 815 ego,
1361 752 1425 816 quod

325 830 472 894 respondere
484 837 598 893 peterem,
609 829 710 878 reticui:
728 829 827 884 ueritus,
846 843 878 876 ue
895 829 962 876 serbi
973 828 1074 892 elicujus
1083 829 1162 894 exigui
1173 845 1245 880 cenes
1254 833 1377 896 nerigetio
1386 835 1427 882 ille

326 925 342 958 e
349 926 387 959 me
398 919 542 974 exspectate,
553 909 611 958 milri
621 925 664 974 pro
674 910 722 958 lete
731 919 832 974 urguere
841 911 918 958 fieret.
934 917 1041 958 ceterum
1052 910 1083 958 nd
1094 911 1153 959 illud
1170 911 1221 977 jem
1231 913 1368 970 redeemus,
1378 929 1427 978 qun

326 991 430 1040 tendunt
440 993 491 1040 lreec
500 993 589 1039 omnis.
607 991 655 1038 noli
666 991 782 1038 iuridiem
792 991 893 1038 coedere
905 991 972 1046 milri,
984 991 1067 1038 dicens
1076 999 1101 1040 te
1111 992 1259 1056 prohibitore
1276 993 1352 1042 fuisse
1363 1011 1379 1042 e
1389 1011 1426 1042 me

326 1073 435 1121 uisitetur
456 1071 552 1121 Grecos
573 1070 663 1120 dirutus
684 1089 699 1120 ιι
720 1071 826 1120 bubulo
840 1073 963 1120 restituere
974 1087 1002 1120 ec
1012 1073 1165 1137 Syracusanis
1175 1074 1373 1136 gubernetionem
1384 1091 1426 1138 pro

327 1155 453 1219 tyrmnicn
462 1154 552 1216 regiem
563 1162 664 1202 mutere.
680 1153 739 1200 nihil
751 1151 813 1200 cuitu
825 1151 855 1199 ds
866 1168 905 1200 me
918 1161 986 1214 potes
996 1154 1099 1209 mentiri,
1110 1155 1175 1217 quod
1187 1171 1201 1202 e
1212 1154 1272 1202 rusie
1282 1155 1314 1202 eit
1323 1155 1427 1203 mutilem

328 1236 438 1285 elieniue.
456 1235 522 1298 etqui
540 1235 561 1282 ei
578 1235 641 1282 toret
660 1233 747 1282 elicubi
765 1233 884 1280 sufficiens
902 1233 971 1298 liujus
990 1235 1024 1282 rei
1040 1235 1167 1298 judicium,
1177 1235 1250 1282 etiem
1262 1237 1311 1283 elie
1320 1235 1425 1284 dicem

328 1316 486 1380 superioribus
503 1315 610 1370 cleriore,
632 1315 802 1378 proberemque
821 1315 956 1370 menileete,
975 1329 1012 1362 rue
1034 1316 1137 1363 euenisse
1147 1315 1190 1362 tibi
1200 1323 1228 1364 ut
1238 1315 1389 1372 illefeceree,
1404 1326 1425 1363 te

327 1407 406 1446 eutem
424 1397 578 1444 monterione.
595 1409 745 1458 nequequam
765 1395 861 1443 difficile
880 1403 917 1442 eet
935 1395 1061 1443 ostendere
1072 1397 1113 1443 ille
1124 1395 1205 1444 future
1216 1397 1290 1444 luisse
1300 1396 1392 1459 optime
1401 1407 1427 1444 et

325 1479 368 1526 tibi
388 1486 414 1525 et
434 1475 588 1542 Syrncueen‘u
604 1485 629 1523 et
640 1475 727 1524 Siculis
737 1477 853 1526 omnibus.
871 1475 891 1522 si
903 1491 960 1538 ergo
970 1491 1044 1540 neges
1055 1485 1079 1522 te
1091 1476 1136 1524 iste
1147 1475 1243 1532 dixisse,
1255 1491 1310 1525 tum
1321 1477 1425 1526 dixeris:

326 1559 384 1606 setis
393 1557 505 1620 equidem
516 1557 601 1612 liebeo,
611 1571 658 1620 quo
669 1565 693 1603 te
705 1557 823 1606 criminer.
840 1556 905 1620 quod
917 1555 1037 1612 nitereris,
1047 1557 1209 1604 Stesichorum
1216 1559 1351 1621 sepientem
1358 1567 1425 1622 pute,

326 1649 398 1702 etque
417 1637 470 1701 eju
486 1637 644 1701 pelinodiem,
661 1637 686 1684 id
704 1645 742 1686 eet
760 1647 857 1686 cnutum
872 1637 987 1702 superiori
997 1633 1145 1686 contreriumi
1159 1637 1265 1696 niune,
1276 1639 1425 1688 exnenmn·

328 1733 434 1768 urrunnu
446 1727 469 1768 te
479 1720 510 1766 ed
519 1733 601 1766 rerum
609 1717 727 1766 treduoes.

516 2203 626 2252 PLATO
645 2203 748 2252 mont
764 2202 994 2254 SYRACUSANO
1011 2203 1105 2253 BENE
1122 2203 1246 2254 noent.

328 2364 408 2432 [tto]
427 2367 500 2416 Puro
511 2369 662 2416 menitestern
673 2383 725 2418 sese
737 2383 780 2433 per
790 2383 860 2416 omne
871 2377 967 2432 ternpus
975 2367 1178 2432 propeneirn'mem
1187 2367 1426 2416 rolnntntemmeers

328 2447 392 2496 circe
408 2448 510 2511 singule,
529 2465 582 2511 ques
601 2449 761 2512 contigerint:
780 2464 859 2513 neque
877 2450 1000 2498 occultum
1019 2463 1073 2496 esse
1091 2448 1155 2498 robis
1164 2447 1272 2496 sotim
1281 2448 1429 2498 mirficiendi

279 2555 283 2569 ι
329 2527 402 2574 luisse
413 2529 471 2576 milri
482 2543 529 2576 non
539 2530 610 2577 elisur
621 2530 696 2592 megin
706 2529 737 2576 ob
748 2545 852 2586 censum,
864 2545 935 2594 quern
944 2529 1007 2578 utin
1017 2529 1086 2577 rebue
1098 2530 1204 2577 honestis
1215 2530 1331 2577 honorem
1343 2545 1429 2578 conse·

329 2621 425 2671 queret.
439 2623 527 2656 censeo
544 2609 608 2656 enim
625 2625 678 2658 eree
696 2608 795 2672 justum,
808 2619 842 2668 ut,
861 2611 903 2674 qui
920 2626 1002 2660 revere
1020 2611 1078 2659 boni
1090 2619 1145 2659 eunt
1160 2610 1204 2658 riri
1216 2617 1241 2658 et
1252 2611 1310 2658 telis
1326 2610 1428 2666 leniunt,

328 2687 423 2751 digneru
437 2688 533 2752 gloriere
545 2697 726 2753 consequentur.
742 2693 869 2754 presentie
887 2693 967 2758 igitrxr,
984 2691 1038 2740 Deo
1054 2692 1150 2756 greties,
1161 2699 1226 2740 recte
1236 2705 1263 2738 se
1273 2690 1376 2750 hebent5
1393 2689 1425 2739 de

327 2767 414 2816 tuturis
432 2784 489 2816 vero
506 2771 631 2818 meximnnr
649 2771 715 2819 robis
731 2773 877 2836 propositum
899 2781 936 2821 eet
953 2781 1083 2822 commen.
1099 2787 1154 2820 nem
1170 2771 1309 2820 fortitudine
1320 2771 1428 2835 quidem,

328 2849 450 2899 celeritete
460 2866 489 2900 ec
500 2852 581 2900 robore
593 2861 704 2916 prestere
715 2854 765 2902 telo
776 2863 821 2911 eet,
832 2865 859 2902 ut
869 2855 969 2902 eliorum
987 2870 1081 2918 quoque
1092 2869 1143 2902 eene
1154 2853 1244 2917 possit:
1262 2852 1307 2900 sed
1316 2854 1430 2909 veritete,

326 2931 431 2996 justitie,
449 2933 627 2996 magnificentie
648 2941 674 2982 et
691 2933 825 2998 hujusmodi
837 2935 939 2999 quedem
951 2938 1075 2984 honestate
1086 2943 1111 2982 et
1121 2935 1238 2998 dignioete
1248 2935 1389 2996 macellae
1400 2935 1430 2982 ed

328 3029 379 3068 eos,
388 3013 430 3077 qui
440 3013 486 3062 iste
498 3024 583 3078 gerunt
600 3023 625 3062 et
645 3015 728 3063 talium
737 3016 781 3064 eibi
792 3017 889 3080 glorium
900 3017 1037 3072 vendicent,
1049 3031 1097 3080 pree
1108 3015 1193 3064 ceteris
1204 3013 1297 3060 ettinet.
1313 3014 1431 3076 miles·

245 3111 253 3122 ·
326 3101 379 3142 ιιιιιι
391 3109 448 3144 sene
458 3105 504 3152 eet,
516 3095 580 3158 quod
590 3095 653 3146 dico.
670 3097 808 3145 meminisse
819 3107 899 3146 sutem
911 3097 1033 3152 debems,
1042 3105 1154 3160 oportere
1163 3109 1212 3148 m.
1224 3101 1285 3140 1110
1295 3107 1346 3140 111111
1356 3095 1428 3152 hiet,

327 3176 381 3240 plue
392 3175 422 3223 eb
431 3177 485 3224 eliis
495 3191 566 3240 quem
577 3177 641 3225 riroe
652 3191 667 3224 e
677 3178 757 3242 pneris
775 3178 878 3227 differre.
893 3179 974 3244 iteque
994 3187 1101 3227 conetere
1111 3177 1220 3225 omnibns
1231 3173 1303 3222 debet
1310 3174 1373 3222 telee
1381 3189 1429 3224 nos

326 3271 389 3312 esse,
400 3259 483 3320 quelee
490 3257 566 3306 rideri
579 3259 686 3306 volumus
700 3275 705 3304 ι
723 3260 852 3324 praesertim
870 3275 923 3308 curn
943 3259 998 3307 Deo
1014 3259 1115 3322 juvente
1130 3257 1243 3322 permcile
1261 3257 1294 3304 eit
1312 3256 1429 3304 tutorum.

327 3337 412 3385 ceteris
423 3337 540 3401 siquidem
552 3339 597 3387 lroc
608 3340 716 3404 contigit,
727 3349 753 3388 ut
761 3341 836 3390 multe
846 3342 896 3389 loce
906 3340 970 3388 obire
982 3341 1098 3404 compulsi
1107 3339 1196 3387 suerint
1203 3337 1236 3386 ed
1243 3337 1271 3386 id
1278 3352 1428 3398 consequen·

327 3417 393 3468 dnm.
409 3435 488 3467 renim
505 3435 561 3468 vero
583 3429 677 3470 tuerum
698 3429 773 3470 stetur
790 3421 925 3485 hujusmodi
944 3429 990 3476 est,
1010 3430 1037 3468 ut
1054 3437 1082 3468 ex
1097 3421 1217 3476 unirerso,
1237 3427 1265 3466 ot
1275 3419 1309 3467 ite
1319 3419 1427 3475 dixerim,

326 3507 440 3548 terrerurn
459 3502 516 3548 orbe
538 3517 611 3549 unum
630 3503 655 3550 iu
676 3503 764 3558 locum,
785 3511 810 3550 et
822 3504 846 3548 in
858 3503 900 3550 illo
911 3503 964 3566 ipso
974 3502 1000 3550 in
1011 3509 1036 3550 te
1046 3517 1119 3549 unuru
1130 3501 1235 3548 menime
1246 3499 1310 3548 oculi
1321 3500 1427 3548 omniurn

326 3579 375 3627 siut
395 3581 510 3629 conserui.
534 3589 649 3646 tunqusru
669 3583 742 3646 igitur
764 3582 885 3646 subjectus
905 3583 982 3631 oculis
1004 3589 1169 3646 spernensque
1180 3583 1211 3629 eb
1221 3580 1329 3628 erunibus
1339 3593 1427 3628 conere

328 3659 461 3726 Lycurgum
481 3663 547 3710 illurn
565 3664 691 3726 entiquum
708 3664 838 3726 exprimere
856 3671 880 3711 et
895 3665 993 3728 Cyrum,
1004 3673 1029 3710 et
1040 3665 1060 3710 ei
1070 3663 1123 3727 quie
1133 3663 1194 3710 nlius
1204 3660 1313 3708 ridentur
1323 3676 1428 3725 umqum

328 3743 430 3790 moribus
446 3751 472 3791 et
489 3743 592 3807 publicis
611 3743 725 3792 institutis
742 3743 885 3792 excelluisse
894 3761 901 3803 ;
918 3745 1051 3808 presertim
1069 3760 1122 3792 cuni
1141 3744 1172 3790 eit
1184 3741 1310 3790 multorum
1322 3757 1350 3789 ec
1361 3757 1429 3805 perne

327 3823 433 3870 omnium
453 3833 585 3872 vestrorum
607 3825 699 3888 opinio,
717 3834 771 3887 post
791 3824 934 3890 Dionysum
951 3824 1069 3872 subletum
1088 3839 1125 3870 res
1143 3839 1197 3872 esse
1207 3823 1324 3887 periuxree
1334 3831 1431 3886 propter

325 3907 393 3948 tuem
413 3911 437 3950 et
455 3905 592 3953 Heraclidis
610 3913 636 3952 et
652 3905 770 3954 Theodoti
781 3913 961 3970 ceterorumque
973 3905 1089 3954 nobilium
1099 3903 1252 3952 embitionem
1261 3913 1287 3950 et
1294 3903 1430 3950 excellendi

327 3981 490 4043 cupiditetern.
506 3986 608 4048 primum
628 3987 724 4048 quidem
743 3987 875 4051 optendum
892 3997 937 4042 est,
954 4003 985 4034 ne
1007 3987 1133 4049 quisquam
1143 3985 1200 4032 telis
1210 3984 1316 4031 exsistet.
1332 3983 1397 4046 qnod
1408 3982 1430 4032 ei

326 4062 381 4124 quis
391 4067 526 4124 epperuerit
537 4068 600 4122 telis,
614 4075 639 4114 tu
650 4068 787 4125 medebere,
798 4077 825 4116 ut
834 4083 873 4117 ιιι
883 4070 909 4116 in
928 4068 1014 4116 melius
1033 4067 1188 4114 deducentur.
1206 4061 1283 4127 [881]
1299 4063 1428 4112 ridiculum

326 4141 370 4190 tibi
381 4141 442 4190 lurte
453 4143 546 4192 ridetur
557 4162 596 4194 me
607 4149 653 4196 iste
664 4163 770 4204 monere,
782 4165 836 4198 cum
846 4149 891 4197 tibi
901 4150 950 4197 sint
960 4155 1017 4196 note
1028 4166 1033 4194 ι
1052 4149 1095 4196 end
1107 4162 1152 4210 ego
1161 4147 1186 4194 in
1194 4146 1296 4194 eneruis
1305 4145 1428 4209 conspicio

327 4231 455 4272 certatores
466 4239 480 4270 e
491 4229 573 4288 pueris
584 4231 713 4290 provocari,
724 4229 814 4279 nedum
825 4231 854 4278 ub
866 4231 965 4292 eruicie;
983 4229 1025 4293 qui
1034 4227 1212 4276 benevolenti·
1223 4226 1303 4274 studio
1311 4225 1428 4274 eohorteri

323 4313 445 4370 putentur.
461 4319 503 4352 vos
522 4315 586 4352 certe
604 4323 667 4356 nuno
683 4319 798 4375 teuquem
815 4313 841 4360 iu
860 4313 952 4360 theatro
970 4310 1076 4374 quodem
1093 4309 1200 4357 certetis.
1216 4309 1301 4371 inquo
1316 4307 1428 4354 sinestre

324 4403 398 4450 opere
416 4403 473 4451 opue
491 4395 536 4441 cet,
555 4387 669 4436 certiores
679 4405 723 4438 uos
734 4393 815 4441 lenite.
830 4393 870 4442 iric
882 4401 960 4440 eutem
971 4391 1071 4456 perinde
1083 4407 1109 4438 se
1120 4405 1160 4438 ree
1170 4390 1268 4444 hebent,
1281 4397 1308 4436 ut
1318 4403 1372 4437 cum
1382 4403 1427 4435 ros

324 4467 433 4517 ederetis.
450 4467 548 4518 scribite
567 4469 633 4524 milri,
650 4471 707 4534 quid
727 4481 807 4522 ectum
825 4474 863 4532 sit¹
875 4473 962 4537 quidve
974 4481 1064 4538 egetur.
1074 4487 1130 4521 nern
1142 4471 1199 4520 licet
1209 4470 1337 4518 eudiemus
1345 4469 1430 4525 multe,

324 4549 381 4596 certi
393 4549 452 4600 nihil
462 4551 586 4604 hebemus,
603 4553 684 4600 mirltu
696 4553 843 4604 eTlreodotn
852 4563 877 4603 et
886 4554 1012 4604 llereclide
1024 4551 1246 4617 leruuturepietolee
1257 4551 1432 4602 lacedemone
