3174 5296
365 527 425 586 520
695 517 893 580 PLATONlS
914 519 1094 580 DlALOGl.
1382 523 1451 606 [³93

365 678 386 726 ei
394 678 461 734 velit,
471 675 598 726 edmotlutn
607 675 705 724 multam
717 673 769 736 ejue
777 681 869 738 partem
879 673 973 724 colendi
984 675 992 720 ἓ
1010 681 1035 724 et
1046 674 1085 722 hie
1092 673 1189 738 quidem
1198 689 1255 738 ager
1264 674 1321 724 talia
1330 682 1369 724 eet
1377 675 1455 739 qualia

364 773 414 808 non
424 765 461 808 ert
471 759 532 806 aliua
542 758 604 805 inter
614 756 720 805 Gweoe.
754 754 856 819 Inanper
866 769 923 802 nero
934 756 1005 804 etiem
1014 755 1060 802 alla
1076 755 1147 804 habet
1155 754 1187 804 ed
1197 755 1295 804 divitiae
1311 756 1454 820 pertinentia

366 839 453 894 emnia,
467 853 555 892 aervoe,
579 851 661 900 mooe,
681 851 763 884 aurum
780 845 805 884 et
827 847 958 899 argentum.
991 835 1069 892 Quum
1089 845 1169 884 entem
1190 851 1235 900 ege
1251 836 1359 884 viderem
1376 838 1452 900 iprum

366 919 437 968 altine
444 919 549 982 moreni,
560 917 625 964 velut
635 917 676 980 qui
687 931 729 979 per
740 917 836 980 longum
846 918 877 962 tle
890 915 990 964 hominie
1001 917 1125 980 opulentia
1143 917 1216 982 [³98]
1235 929 1365 980 nngatnrna
1380 927 1452 974 eeeet,

366 1001 545 1064 percunctaber,
561 997 627 1054 Quid
644 1011 724 1044 teron
741 997 897 1047 Erulatrate?
915 997 993 1059 qualis
1009 997 1044 1044 vir
1060 1011 1113 1044 eeae
1133 996 1227 1045 videtur
1244 997 1270 1044 in
1288 998 1387 1046 Sidlie?
1406 999 1452 1046 llic

366 1079 470 1144 (inquit)
486 1079 589 1126 omnium
606 1077 737 1126 Siculorum
749 1092 777 1124 ac
797 1076 909 1125 ltulorurn
927 1085 952 1124 et
972 1077 1064 1126 ridetur
1079 1087 1105 1125 et
1124 1086 1160 1126 eat
1178 1077 1233 1142 plna
1252 1079 1367 1142 peanmua
1381 1095 1451 1142 qnam

366 1160 509 1208 ditireimmr
526 1155 880 1220 adeontaialiquemSicnlum
891 1157 1034 1220 interrogare
1056 1158 1115 1206 velie
1136 1173 1260 1222 quemnam
1280 1160 1406 1226 peedmm
1427 1167 1452 1208 et

365 1240 506 1288 ditieeimnne
517 1255 571 1288 eree
586 1247 663 1302 putet,
674 1251 745 1286 nemo
755 1237 829 1286 elium
850 1237 936 1286 dixerit
954 1253 1024 1300 quarn
1042 1239 1112 1286 lrunc.
1145 1237 1224 1294 Qnurn
1242 1247 1319 1286 autem
1340 1246 1450 1302 putarem

364 1319 621 1384 ipumnnndepareir
631 1317 704 1366 rerba
716 1317 832 1365 lecturum
842 1332 901 1374 eree.
917 1317 961 1366 eed
977 1318 1007 1366 de
1019 1319 1054 1365 hia
1071 1333 1124 1381 qun
1141 1319 1245 1366 maxima
1262 1335 1312 1366 eaee
1330 1319 1451 1378 ridentum,

364 1409 417 1450 tom
426 1403 457 1450 de
467 1401 563 1458 virtute,
579 1405 631 1447 tum
646 1399 677 1446 de
697 1397 794 1454 diritiia,
809 1397 983 1460 interrogabam
994 1405 1070 1446 utrum
1081 1399 1254 1462 opulentiorem
1266 1399 1378 1448 hommem
1396 1416 1449 1448 erae

364 1490 480 1538 eenaeret,
491 1481 531 1530 eni
541 1481 589 1528 due
596 1487 652 1527 aunt
658 1478 751 1542 argenti
760 1477 859 1534 talentu
869 1493 899 1525 an
910 1478 949 1526 cni
959 1493 1015 1542 eger
1026 1479 1096 1542 pretii
1106 1479 1208 1526 deornm
1224 1479 1371 1530 talentorum.
1402 1481 1448 1528 Ar·

364 1563 436 1612 bitror
443 1577 497 1626 ego,
507 1561 594 1624 inquit,
608 1575 662 1606 eum
679 1557 718 1606 oui
736 1565 772 1606 eat
790 1571 854 1619 ager.
887 1557 974 1606 Nonne
991 1559 1115 1624 (inquam)
1129 1559 1197 1622 juxte
1215 1561 1317 1608 eandem
1336 1561 1447 1608 rationem

364 1643 435 1692 etiam
445 1643 465 1690 ei
473 1641 546 1690 dinei
553 1647 609 1688 aunt
616 1647 702 1700 reatea,
711 1638 792 1702 pellia‚
803 1649 845 1686 ant
854 1639 967 1702 atragule‚
978 1648 1020 1686 aut
1030 1640 1103 1688 etiam
1113 1640 1161 1688 alia
1171 1641 1248 1688 adhue
1258 1639 1356 1703 majoris
1371 1641 1448 1704 pretii,

363 1737 435 1788 qttem
443 1721 528 1786 quanti
538 1727 591 1768 rtmt
598 1721 654 1768 huic
664 1719 762 1782 hospiti,
769 1720 808 1766 ltin
816 1719 887 1768 tuerit
893 1719 1042 1784 opulentior?
1067 1719 1231 1770 Aarenruaeat
1241 1722 1333 1770 ethan.
1360 1722 1385 1770 Si
1395 1737 1449 1770 veru

364 1805 417 1868 qnia
428 1805 496 1852 daret
504 1801 548 1850 tibi
558 1803 640 1848 horum
650 1798 751 1848 duorum
761 1801 911 1857 electionem,
924 1809 1000 1850 utrnrn
1011 1801 1109 1849 mallee?
1142 1801 1203 1864 Ego,
1211 1801 1297 1866 inquit,
1313 1803 1409 1850 mallem
1423 1803 1448 1852 it

364 1885 427 1948 quod
437 1883 533 1948 plorimi
540 1881 612 1946 pretii
620 1889 666 1930 eat.
700 1879 760 1928 Utro
770 1895 827 1930 rere
838 1881 909 1930 modo
920 1873 1048 1944 putoreati
1060 1881 1171 1930 ditiorem
1181 1882 1250 1930 ene?
1283 1881 1346 1931 Hoc.
1379 1882 1448 1931 Nune

364 1978 420 2026 ergo
434 1970 534 2028 apparet
547 1963 586 2010 lrie
600 1960 670 2010 nebia
687 1959 817 2009 ‹litiaeirnua
831 1977 884 2010 eeee
902 1962 944 2026 qni
961 1977 1000 2010 rea
1016 1962 1112 2025 plorimi
1125 1963 1197 2026 pretii
1215 1963 1329 2026 posidet.
1361 1963 1449 2020 Etim,

363 2045 449 2108 inquit
481 2043 569 2092 Nonne
577 2040 764 2105 (inqmm)aaui
775 2042 979 2106 egrotiaditiorre
994 2042 1090 2098 tuerint,
1104 2042 1233 2106 aiqnitlem
1254 2046 1343 2092 aanitea
1356 2059 1394 2092 ree
1413 2053 1449 2094 eet

363 2125 460 2190 major-le
469 2125 537 2190 pretii
547 2138 619 2188 qnam
629 2122 710 2186 egroti
720 2123 797 2186 epea?
814 2123 892 2172 Neruo
902 2123 967 2170 enim
977 2131 1015 2170 eet
1022 2123 1063 2186 qni
1073 2139 1121 2172 nen
1131 2125 1241 2188 [animat
1250 2125 1385 2181 unitatem,
1393 2141 1446 2174 cnm

363 2206 451 2256 modici
461 2205 554 2269 argenti
562 2203 720 2268 poeaeeaione,
733 2204 812 2268 magni
825 2203 889 2267 regie
900 2203 985 2267 epibua
996 2219 1049 2252 oum
1060 2203 1215 2268 egritudine:
1232 2205 1339 2254 nimirum
1350 2205 1446 2268 majoria

362 2289 492 2352 pretilrem
511 2301 564 2334 eeae
584 2293 671 2349 putene
689 2284 823 2332 unitatem.
855 2284 984 2348 Nunquam
1000 2284 1062 2332 enirn
1080 2285 1206 2348 proterret,
1223 2285 1244 2333 ei
1261 2301 1308 2332 non
1326 2286 1445 2348 potiorem

361 2368 624 2432 opibueeaaedueeret.
655 2361 711 2412 Non
724 2363 838 2426 prolecto.
870 2363 958 2412 Nonne
968 2363 1039 2412 etiam
1050 2366 1129 2430 siquid
1141 2367 1202 2414 alind
1210 2365 1328 2414 rideretur
1348 2367 1444 2430 majorie

363 2449 437 2512 pretii
454 2461 526 2511 qnam
541 2447 641 2502 sanitae,
652 2443 692 2508 qui
705 2447 750 2494 hoc
759 2444 869 2508 pnaeldet
879 2445 917 2493 hic
927 2444 1123 2508 opulentieairnua
1132 2446 1214 2494 lueritl
1232 2445 1320 2494 Etiam.
1352 2447 1379 2494 Si
1388 2461 1447 2494 vero

360 2528 416 2592 qnia
426 2543 488 2576 nnnc
499 2528 529 2574 ad
541 2543 585 2575 noe
592 2527 723 2584 accederet,
735 2535 759 2573 et
769 2527 932 2588 interrogaret,
944 2525 966 2574 O
983 2525 1093 2575 Socratea
1109 2535 1134 2575 et
1150 2525 1238 2592 Eryxia
1252 2535 1278 2574 et
1297 2527 1446 2584 Fradmte,

360 2608 491 2672 poteetiane
500 2607 559 2654 milri
569 2607 649 2656 dicere
660 2621 713 2670 que
724 2605 820 2669 plurimi
831 2605 901 2670 pretii
912 2607 1002 2654 homini
1013 2622 1050 2656 rea
1064 2607 1112 2656 ait?
1129 2623 1208 2656 nonne
1222 2609 1272 2655 ltere
1282 2623 1352 2672 quem
1370 2607 1445 2670 adep·

360 2697 400 2736 tue
411 2689 489 2746 homo,
497 2688 586 2752 optime
600 2687 630 2736 tle
639 2688 682 2736 han
693 2695 789 2744 atatnat‚
804 2687 923 2750 quomodo
933 2687 1003 2736 valde
1014 2688 1103 2752 optime
1114 2697 1140 2736 et
1147 2689 1199 2752 ipae
1213 2703 1267 2736 anae
1276 2696 1301 2736 et
1314 2687 1443 2736 amicerum

359 2769 480 2832 reeagat?
498 2783 622 2832 quamnam
643 2769 704 2816 bano
725 2782 776 2816 reae
799 2767 952 2816 diceremus?
986 2767 1051 2816 Mihi
1061 2767 1160 2832 quidem
1178 2769 1282 2824 videtur,
1300 2767 1444 2826 nSncraten

358 2847 462 2896 felicitae
470 2847 566 2912 plurimi
575 2847 645 2911 pretii
654 2863 693 2896 ree
702 2847 792 2896 homini
803 2863 863 2896 enee.
897 2847 928 2895 lit
938 2863 985 2896 non
997 2849 1068 2898 male.
1078 2850 1188 2913 (inquam
1199 2851 1257 2914 ego)
1269 2865 1325 2896 num
1335 2864 1393 2897 rere
1402 2851 1445 2896 boe

358 2929 466 2978 nominee
480 2927 627 2978 hlichdmoe
637 2943 689 2976 eree
700 2929 845 2993 putabimur,
855 2929 897 2993 qui
909 2930 1009 2978 marine
1027 2929 1093 2978 felici
1112 2945 1225 2978 auoeeeau
1242 2930 1349 2997 degunt?
1381 2929 1445 2978 Mihi

358 3009 455 3074 quidem
464 3009 583 3058 videntur.
615 3007 702 3057 Nonne
715 3009 740 3056 lti
755 3010 845 3073 optimo
862 3023 975 3058 ennceeau
990 3010 1090 3072 degunt,
1101 3011 1142 3074 qui
1162 3012 1288 3059 minimum
1304 3010 1446 3074 delinquunt

358 3098 409 3140 turn
420 3090 484 3140 circe
496 3091 596 3154 κίρσοι,
607 3099 658 3138 tum
666 3091 728 3139 circa
738 3091 798 3138 eline
815 3091 931 3146 nominee,
942 3091 1070 3155 plurimum
1081 3107 1135 3140 vero
1145 3099 1210 3140 recte
1221 3093 1310 3152 agunt?
1328 3091 1443 3138 lluine.

357 3170 445 3222 Nonne
454 3173 495 3234 qui
507 3172 568 3220 male
575 3179 601 3218 et
610 3171 673 3220 bona
683 3171 770 3228 acient,
780 3179 806 3220 et
811 3187 863 3235 quer
872 3172 982 3220 lenienda
992 3181 1018 3222 et
1030 3172 1102 3236 [894]
1120 3187 1168 3221 uon
1179 3172 1297 3230 lenienda,
1306 3172 1331 3220 hi
1341 3171 1444 3220 rectiaei·

358 3268 398 3302 mo
421 3268 534 3302 encceaen
549 3253 647 3316 degunt,
665 3265 690 3302 et
700 3253 822 3300 minimum
839 3253 999 3316 delinquunt?
1033 3253 1213 3302 Auentiebatur
1234 3267 1260 3301 et
1279 3255 1338 3302 hnc.
1370 3251 1442 3300 Nune

358 3347 416 3396 ergo
427 3341 542 3396 apparent
550 3333 618 3382 nebia
635 3331 709 3382 iidem
726 3333 771 3380 viri
785 3343 810 3380 et
823 3333 997 3396 eapientiaairoi.
1018 3335 1143 3399 etoptimo
1158 3349 1270 3384 enecone
1284 3334 1443 3397 degentee.et

357 3413 489 3464 lelloiaeimi
504 3419 530 3462 et
545 3413 670 3462 ditiaaimi:
689 3416 709 3462 ei
720 3414 815 3478 quidem
835 3416 951 3478 replentia
962 3414 1057 3478 plurimi
1068 3415 1140 3480 pretii
1158 3431 1197 3464 rea
1215 3423 1323 3478 apparet.
1356 3414 1444 3462 Etiam.

357 3493 392 3542 tt
401 3493 606 3558 (inqnit,erneptn
617 3507 734 3550 aermone,
745 3495 914 3558 Erulatratua)
923 3510 938 3544 o
946 3497 1062 3552 Somne,
1072 3510 1126 3559 que
1137 3495 1226 3542 utilitae
1237 3495 1310 3542 suerit
1317 3493 1445 3550 lominiai

357 3575 431 3624 etiam
441 3573 544 3624 Neatere
554 3583 617 3624 creet
626 3575 762 3638 replendor.
778 3577 913 3624 neceesaria
929 3591 985 3624 vero
1001 3577 1031 3624 ad
1049 3573 1202 3624 victurn'oon
1213 3575 1319 3628 liaberet.
1337 3574 1402 3622 cilina
1418 3579 1444 3620 et

357 3662 437 3717 potue,
456 3663 482 3704 et
498 3663 584 3712 restet,
603 3663 629 3702 et
645 3655 723 3718 siquid
733 3655 798 3706 eliud
808 3657 923 3720 ejusmodi
942 3657 995 3705 eat?
1013 3657 1071 3719 quid
1087 3656 1151 3704 enirn
1169 3655 1291 3719 prodesset
1305 3655 1442 3718 rapientia?

358 3743 399 3783 aut
407 3735 524 3798 quomodo
532 3736 570 3784 hic
581 3735 711 3784 ditleeitnua
720 3737 798 3792 luerit,
808 3751 881 3800 quem
889 3737 948 3784 nibil
957 3737 1065 3800 probibet
1074 3736 1207 3785 mendicum
1218 3751 1279 3788 erae,
1289 3751 1363 3799 quum
1383 3735 1443 3782 nssril

357 3828 436 3863 rerum
445 3816 476 3864 ed
488 3817 574 3866 vietum
590 3818 774 3866 neeeaaeriarum
790 3819 895 3866 hebent?
930 3819 1090 3868 Vehementer
1099 3818 1172 3879 igitur
1183 3827 1207 3864 et
1216 3817 1254 3864 tic
1265 3815 1355 3879 aliquid
1362 3815 1442 3864 dioere

357 3892 488 3944 videbatur.
503 3897 590 3946 Utrum
599 3913 664 3954 rere,
673 3898 769 3962 inquam
777 3913 829 3960 ego,
842 3899 983 3962 replentium
993 3899 1090 3961 qtridem
1098 3898 1194 3946 habenti
1203 3899 1247 3945 hec
1256 3897 1365 3946 accidere
1375 3905 1442 3960 pote·

356 3971 396 4028 rit,
404 3974 425 4020 ai
436 3974 529 4039 indigna
539 3978 561 4026 ia
571 3979 660 4028 fixerit?
678 3979 699 4026 al
709 3993 763 4028 nero
773 3979 825 4042 quie
835 3979 971 4044 Pulytinnie
982 3979 1079 4028 domum
1088 3978 1228 4044 penideret,
1246 3985 1272 4024 et
1288 3977 1361 4040 plena
1379 3985 1443 4024 emet
1466 4044 1469 4049 Ι
1569 3995 1570 4010 ¹

356 4053 441 4102 domne
449 4068 505 4102 euro
516 4065 541 4104 et
551 4066 656 4120 argento,
665 4073 713 4106 non
722 4059 771 4106 ulle
781 4073 806 4106 re
816 4058 950 4121 indigeret?
985 4059 1027 4114 At,
1038 4059 1125 4122 inquit,
1134 4060 1196 4106 hunc
1208 4057 1305 4120 qmdem
1314 4057 1375 4104 nillil
1387 4072 1442 4120 pro-

355 4135 422 4184 hibet
431 4132 510 4182 atatim
519 4151 582 4184 nuno
590 4139 752 4200 poaaeeaionee
763 4154 819 4188 enee
828 4139 962 4202 diapnuere‚
974 4147 999 4187 et
1010 4155 1053 4204 pro
1064 4139 1101 4186 irie
1111 4140 1168 4202 ipeia
1179 4138 1264 4184 hebere
1275 4152 1304 4186 ee
1313 4138 1401 4200 quibne
1412 4137 1442 4184 ed

355 4217 444 4266 victum
454 4213 553 4276 indiget,
564 4219 683 4266 autetiam
699 4220 817 4268 nuntiemtt
827 4235 874 4283 qno
884 4221 934 4268 htec
945 4208 1079 4284 comparare
1089 4220 1186 4282 poterit,
1197 4227 1222 4266 et
1233 4217 1351 4266 omnibna'
1362 4217 1441 4264 atatim

356 4295 483 4346 abundare.
516 4294 543 4342 Si
552 4296 623 4344 ruodo
633 4300 775 4362 contigerint
783 4301 815 4358 ei,
828 4302 922 4364 inquam
933 4317 987 4364 ego,
999 4301 1108 4348 hominen
1118 4301 1158 4363 qui
1165 4299 1208 4348 tali
1218 4298 1289 4346 domo
1300 4299 1441 4361 magiaepna

357 4377 461 4426 habeant
482 4391 552 4440 quum
573 4375 638 4424 illiue
658 4380 782 4440 replentia.
816 4381 877 4430 Nem
897 4382 918 4430 ai
934 4382 996 4430 talea
1006 4381 1094 4430 luerint
1101 4382 1143 4445 qni
1150 4379 1251 4428 hominia
1265 4378 1408 4442 repientiam
1416 4385 1443 4426 et

356 4473 408 4522 que
416 4459 495 4508 abbae
500 4457 642 4522 proveniunt
649 4458 724 4521 pluria
731 4463 856 4518 anement,
865 4463 938 4512 multo
948 4463 1001 4525 plna
1008 4463 1097 4526 negotii
1104 4461 1142 4510 hic
1153 4462 1177 4508 io
1185 4458 1443 4524 disponendohabebit,

355 4539 424 4603 eique
441 4554 466 4590 re
476 4537 613 4605 indiguerit,
623 4550 649 4588 et
659 4539 758 4592 noluerit
768 4549 817 4592 tunt
828 4543 912 4608 ipram,
924 4551 1055 4608 tumopera
1069 4543 1094 4592 iu
1109 4542 1161 4606 ipae
1175 4541 1206 4592 ad
1221 4556 1289 4592 neum
1305 4539 1443 4604 disponere.
