3160 5314
22 499 24 508 ’
130 519 192 596 ιιι]
454 517 508 578 ιιι
531 517 762 612 urrunnun
787 522 861 583 ιιι.
884 523 923 582 ιι.
1098 519 1105 540 ‘
1171 525 1228 586 ιοι

126 693 165 726 uus
174 676 202 725 sb
212 673 269 736 illie,
279 689 336 740 ques
347 673 395 726 illle
406 673 468 724 mele
479 683 542 732 sunt,
555 675 662 726 liberent.
682 677 801 728 semiioiis
811 685 889 727 eutem
908 676 1066 742 pretermissis
1083 678 1163 742 greeie
1179 693 1223 727 nos

123 764 217 806 ιιιιιιι.
250 756 313 806 llere
324 756 413 813 omnie,
424 773 439 804 o
450 757 567 815 Βοιιιιιι,
580 758 636 807 telie
645 773 674 806 ιι
686 767 752 807 tente
762 760 793 808 de
804 759 894 824 virtutis
906 757 1004 823 vitiique
1014 756 1126 823 premiis,
1142 763 1221 824 quosd

22 869 23 880 r
126 837 185 886 Deus
194 845 218 886 et
228 837 339 890 hominee
350 837 461 900 pertinet,
472 837 581 887 dicimus.
614 838 679 898 Quid
689 836 807 903 'putemus
822 847 915 888 eeturoe
930 839 980 888 heo
991 839 1115 889 eudientee
1131 839 1221 890 inimus

123 933 193 968 eurum
200 917 328 980 juvenum,
348 917 390 980 qui
401 915 498 966 solerTes
510 918 606 982 ingenio
618 927 681 975 sunt,
693 927 718 967 et
728 919 758 966 ed
770 919 850 967 omniu
860 920 924 968 dicte
935 921 1058 970 commode
1068 921 1221 986 celeriterque
1235 939 1239 942 ·

123 998 260 1047 coneneie:
272 1012 298 1046 se
309 997 367 1060 ipsis
378 997 505 1058 deliberare
516 1005 624 1061 possum,
641 998 718 1062 qoelis
734 998 820 1062 sliqnis
837 998 939 1046 existens
955 1005 980 1046 et
994 1015 1103 1064 quonum
1121 1001 1221 1049 tendens

124 1093 186 1141 quern
196 1079 286 1142 optime
297 1078 369 1126 riteru
381 1077 453 1141 eget?
486 1077 678 1128 Coneeutsneum
690 1085 735 1134 est,
744 1076 856 1141 juvenem
867 1078 938 1127 telem
949 1078 1047 1127 Pinderi
1066 1079 1125 1128 illud
1140 1081 1220 1130 enimn

123 1157 226 1208 rolreree
250 1157 337 1206 Utrum
345 1157 446 1220 justitie
457 1158 613 1206 eouecendem
625 1158 674 1206 elte
685 1157 781 1219 menie,
792 1173 823 1206 eu
835 1158 943 1222 obliquus
960 1159 1009 1207 doli
1029 1160 1078 1207 ries
1093 1160 1219 1224 ingredior.

122 1255 197 1304 meque
207 1239 242 1287 ite
251 1238 355 1288 fulciens
364 1237 436 1286 sitem
447 1239 534 1302 epm?
562 1237 680 1294 Etenim,
691 1254 744 1302 que
755 1237 820 1288 rliete
830 1246 894 1304 suut,
912 1239 969 1288 mihi
979 1239 1086 1303 quidem,
1104 1239 1125 1288 ei
1138 1239 1220 1304 justus

121 1319 169 1382 rim,
177 1334 223 1368 nou
234 1327 314 1366 temen
325 1333 461 1382 epponem,
471 1318 530 1366 nihil
542 1318 652 1381 prodesse
661 1318 754 1376 diiuut‚
766 1317 856 1367 lehores
867 1327 944 1368 eutem
954 1328 980 1368 et
988 1335 1068 1384 pones
1075 1327 1150 1369 eertes
1158 1323 1219 1371 eesei

120 1399 200 1462 injuetu
210 1415 275 1456 sero,
286 1399 423 1464 opinionem
432 1398 531 1462 justitie
541 1405 660 1461 sescento,
672 1399 720 1446 rite
731 1397 812 1448 divine
823 1400 905 1450 edesse
916 1401 1009 1452 dicitur.
1038 1400 1127 1450 Nonne
1137 1403 1219 1467 igitur,

121 1489 235 1544 postquem
246 1478 390 1528 enietirnetio
401 1481 451 1528 herc
458 1479 568 1544 justitie,
579 1487 605 1528 ut
615 1479 735 1544 sepientes
747 1481 850 1538 trudunt,
869 1481 998 1530 veritetem'
1009 1482 1075 1546 cogit
1089 1497 1118 1532 ec
1135 1483 1218 1545 uiolet,

120 1569 141 1610 et
149 1562 177 1610 sd
188 1559 358 1610 beatitudinem
375 1569 411 1608 est
427 1561 560 1626 precipue:
578 1561 610 1608 ed
625 1552 676 1610 enm
688 1561 785 1610 omrdnu
796 1563 940 1610 tendendum
951 1562 1005 1610 esti
1022 1562 1125 1612 Induere
1136 1564 1216 1628 iteqne

121 1641 234 1706 inopinum
245 1648 341 1705 oportet
348 1640 458 1704 justitie,
468 1649 493 1690 et
503 1642 621 1704 quendem
633 1657 680 1706 pre
692 1657 717 1689 se
728 1641 787 1690 ione
798 1641 889 1690 uirtutis
899 1642 1111 1700 edumbretionem‚
1123 1658 1137 1692 e
1148 1651 1215 1709 tergo

121 1737 172 1770 reso
181 1722 241 1773 illurn
251 1720 366 1784 sepientie
378 1719 512 1770 Archilochi
525 1721 619 1784 vulpem
631 1729 731 1770 eetutem
742 1737 770 1770 ec
782 1723 867 1770 ruriem
878 1723 977 1774 treherc.
1011 1723 1047 1772 Ar
1056 1724 1142 1774 diserit
1155 1724 1215 1776 torte

120 1800 228 1866 quispiem
237 1802 301 1850 lreud
313 1800 383 1850 fenile
398 1816 458 1858 esse,
468 1809 496 1849 ut
506 1800 580 1849 melus
591 1801 644 1865 quit
655 1817 747 1866 semper
765 1801 846 1851 leteet.
878 1801 930 1850 Nos
947 1817 1002 1851 sero
1020 1800 1215 1867 reepondebimue

120 1883 170 1930 nihil
180 1897 288 1946 megnum
299 1897 352 1930 esee
362 1880 440 1932 fecile.
456 1890 616 1932 rerumtemeu
628 1882 647 1930 si
658 1881 721 1930 boeti
732 1897 783 1930 esee
793 1882 911 1938 uolumus,
930 1884 973 1932 bec
984 1884 1150 1944 condonent,
1165 1899 1215 1948 que

117 1962 222 2009 ιιιὶοιιιι
233 1961 335 2024 vestigia
345 1963 446 2011 ducunt.
462 1961 550 2012 etenim
562 1968 589 2010 nt
598 1969 677 2010 nostre
688 1961 826 2026 improbitee
836 1961 930 2020 occulte
941 1973 1085 2026 permeneet,
1093 1963 1214 2028 ‘conjure-

118 2042 186 2092 boues
195 2043 367 2108 societnuque
376 2042 498 2093 inibimus.
514 2043 601 2093 edsunt
611 2043 670 2108 quin
680 2043 751 2092 etiesn
764 2042 922 2108 persuseionis
932 2041 1044 2106 magistri,
1063 2043 1104 2107 qui
1119 2044 1214 2108 sepien-

118 2123 404 2173 tismooocionetoriemet
410 2123 550 2187 judicialem
562 2125 658 2173 trudunt
670 2141 676 2172 r
694 2141 724 2172 en
734 2124 819 2188 quibus
827 2124 1120 2188 pertirnpereuedebimus,
1129 2124 1212 2187 pertiru

117 2217 228 2266 eogemns,
247 2211 276 2252 ot
291 2205 349 2253 dum
367 2205 434 2252 nobie
452 2205 520 2268 plurs
532 2219 674 2270 errogemus.
685 2218 767 2268 pones
783 2204 877 2252 minime
887 2203 1054 2268 persolvemus.
1086 2205 1133 2253 Sed
1145 2203 1214 2252 Deos
1227 2259 1231 2268 Ι

116 2285 205 2348 quidem
214 2301 294 2351 neque
304 2285 377 2336 letere
387 2301 464 2350 neque
476 2301 560 2350 cogere
571 2285 683 2350 possibile
692 2292 736 2335 eet.
770 2283 860 2334 Verum
879 2284 899 2334 si
919 2301 967 2333 non
983 2293 1038 2333 sunt
1055 2283 1092 2334 rel
1110 2286 1213 2333 homene

114 2379 159 2412 non
169 2375 261 2424 curent.
270 2367 334 2414 heud
345 2366 551 2428 uubispcurendusn
563 2373 608 2421 eet,
628 2373 655 2413 ut
670 2379 710 2414 eos
729 2364 851 2413 leteemus.
868 2365 904 2412 ein
921 2372 1000 2414 eutem
1021 2372 1078 2413 sont
1091 2373 1117 2414 et
1128 2373 1213 2414 curent

114 2447 225 2502 humens,
235 2462 280 2494 nos
288 2463 336 2494 nou
343 2447 437 2496 eliuude
447 2447 473 2495 id
485 2447 593 2496 uosiruue
605 2446 641 2496 rel
653 2445 762 2494 eudimus
772 2461 842 2514 queer
854 2462 883 2494 ex
894 2446 1020 2494 multorum
1030 2443 1176 2496 sernrouibus
1186 2453 1213 2494 et

113 2543 141 2574 ιι
162 2527 241 2589 po'e'tis
252 2527 414 2592 Δςιιιιιιοῑὶιιιι
425 2528 529 2592 ipsorum
545 2527 709 2578 scribentibus.
725 2527 795 2575 iidem
807 2543 861 2575 vero
872 2518 919 2591 ipsi
929 2527 1054 2590 perhibent
1064 2541 1133 2590 poete
1145 2525 1213 2574 Deos

114 2605 231 2670 precibus,
243 2607 313 2658 sectis
322 2615 346 2655 et
356 2607 488 2656 muneribus
497 2599 570 2656 denti.
585 2607 672 2672 quihus
679 2606 715 2655 rel
726 2607 997 2672 utrumqueeredendum
1006 2607 1085 2655 estuel
1094 2615 1212 2656 neutrum.

53 2693 58 2716 ⁸
114 2687 132 2736 si
142 2687 174 2736 ite
185 2688 337 2744 eredendum,
345 2683 599 2752 erinjusrergenituru,
607 2695 678 2752 etque
687 2703 714 2736 er
725 2687 776 2752 ipse
783 2688 866 2752 repiue
872 2686 927 2736 Diis
935 2687 1122 2737 secrifioendum.
1130 2685 1209 2752 [edd]

111 2766 165 2828 justi
175 2767 238 2816 enim
248 2766 269 2816 ei
278 2768 361 2824 simus,
372 2768 438 2818 illesi
449 2783 464 2816 e
474 2767 529 2816 Diis
538 2768 639 2816 erimus:
657 2768 699 2816 sed
709 2777 821 2832 questus,
841 2768 883 2832 qui
898 2783 939 2832 per
957 2767 1096 2832 injustitiem
1113 2781 1210 2831 curnpe·
1290 2804 1296 2818 .

114 2856 194 2910 rentur,
210 2863 356 2912 respuemus.
381 2848 462 2912 injusti
481 2857 559 2898 eutem
578 2847 673 2898 divitius
692 2849 833 2912 parebimus,
845 2849 1016 2915 sceleribusque
1038 2849 1136 2914 putretis
1155 2847 1209 2896 illos
1283 2841 1286 2848 ’

114 2928 215 2991 precibus
233 2929 358 2980 tormen
375 2945 391 2978 ι
408 2945 477 2993 pons
493 2930 650 2978 liberabimur.
682 2929 729 2978 Sed
746 2929 891 2994 enimvepud
910 2930 996 2980 inferos
1011 2929 1210 2995 pmuesdsbimus

114 3009 311 3073 eornm,qnnbic
322 3009 411 3074 injuste
430 3011 620 3066 commiserimus,
639 3010 678 3059 sel
695 3027 738 3060 uos
755 3011 791 3060 rel
809 3012 860 3061 usti
878 3019 994 3062 ustorum.
1027 3015 1071 3070 Ar,
1090 3028 1105 3059 o
1124 3011 1210 3072 errice,

114 3089 187 3138 dioere
195 3091 298 3154 quedem
308 3092 401 3140 retione
411 3091 506 3142 licebitz
524 3107 638 3156 supremus
648 3107 691 3158 pro
702 3093 805 3157 peccetis
816 3093 945 3142 commissis
954 3094 1101 3158 expletiones
1109 3092 1210 3140 multum

112 3178 214 3231 possunt,
224 3171 405 3237 esorsbileeque
412 3171 455 3221 Dii
462 3179 529 3231 sunt.
541 3181 567 3221 ut
579 3174 684 3222 menime
693 3174 801 3224 civitatee
812 3173 903 3224 dicunt.
920 3183 945 3224 et
956 3174 1059 3222 Deorum
1069 3173 1120 3234 filii,
1130 3171 1209 3234 podtse

112 3251 276 3316 prophetaque
286 3252 403 3312 Deorum,
414 3256 465 3304 hee
476 3255 510 3306 ih
520 3270 545 3303 se
564 3255 649 3303 hebere
670 3261 791 3304 testentur.
824 3253 888 3318 Ergo
907 3270 960 3318 quo„¹
975 3253 1035 3302 retio
1054 3251 1149 3300 ulterior
1165 3265 1209 3298 nus

111 3327 218 3394 inducet,
236 3341 263 3380 ut
272 3349 317 3398 pre
328 3350 420 3384 summe
430 3335 546 3398 injustitie
553 3335 809 3400 justitiemeligemue:
827 3334 1028 3399 quondoquidem,
1043 3333 1062 3381 si
1071 3329 1210 3396 injustitiem

110 3413 150 3459 suh
163 3412 296 3462 edulterine
309 3417 388 3480 speeie
407 3419 534 3468 honestetis
554 3417 758 3472 nuntiaverimus,
778 3423 803 3466 et
822 3417 885 3480 rpud
904 3415 971 3464 Deos
987 3421 1012 3464 et
1022 3415 1087 3478 epud
1104 3411 1211 3462 homines

109 3493 186 3540 omnis
197 3494 306 3544 nubieed
316 3504 398 3545 votnm
408 3497 545 3560 comedent,
558 3505 583 3546 ot
602 3497 734 3547 virentibus
749 3505 774 3546 et
791 3497 918 3554 defunctis,
934 3495 1132 3562 quemedmndum
1149 3494 1210 3542 rnul-

109 3579 181 3622 turum
191 3575 405 3644 excellentiamque
415 3577 515 3626 virorum
526 3587 624 3628 testetur
635 3579 727 3628 cretio?
753 3579 789 3627 Er
801 3579 909 3626 omnibus
916 3577 967 3638 jem
979 3577 1058 3642 dictis,
1069 3591 1083 3623 o
1094 3575 1215 3635 Socretee,

108 3653 158 3715 quis
167 3656 295 3705 medhlmit
306 3674 360 3707 eom
370 3659 490 3708 hominem
498 3658 615 3723 justitieur
626 3667 777 3716 curaturum,
785 3659 824 3708 oui
836 3659 955 3722 titulique
966 3657 1000 3706 uis
1009 3664 1050 3705 eut
1060 3656 1160 3704 lortunse
1168 3661 1210 3701 eut
1261 3659 1265 3672 '

108 3747 177 3796 upum
186 3745 228 3784 eut
238 3739 343 3802 eorporis
353 3747 395 3788 eut
405 3740 495 3804 generis
504 3742 513 3788 l
522 3756 550 3790 ec
561 3756 609 3788 uon
621 3741 701 3806 potius
712 3741 862 3804 suhrisnrum,
878 3738 997 3788 sileuderi
1012 3753 1063 3786 eum
1074 3734 1209 3784 eudirerlt?

107 3811 169 3870 Quin
178 3817 252 3866 inmo
259 3819 398 3884 siquieislse
406 3821 524 3884 ostendet,
530 3836 584 3885 qute
594 3819 706 3884 dirirnus,
714 3827 823 3886 recteque
834 3820 896 3868 norit
902 3818 1018 3882 justitium
1025 3817 1140 3880 optimum
1149 3831 1210 3873 erse,

106 3895 256 3948 reheurenter
265 3899 373 3964 ignoscet
384 3887 461 3966 neque
471 3901 584 3952 ireseetrrr
593 3901 697 3966 injustis,
707 3918 760 3951 curn
771 3901 899 3966 intelliget,
908 3901 953 3948 nisi
960 3900 1013 3964 quis
1020 3898 1100 3946 dir-ine
1106 3899 1209 3962 quedem
1250 3919 1254 3939 ι

105 3983 189 4026 uetere
198 3979 348 4044 iniquitatem
359 3982 437 4030 oderit
449 3982 487 4031 rel
498 3983 603 4032 doctrine
615 3982 754 4031 ebstinuerit
763 3983 794 4031 eh
804 3981 929 4045 injustitie.
946 3981 1062 4028 neminem
1073 3995 1115 4028 sue
1125 3986 1210 4042 sponte

103 4071 156 4104 esee
162 4056 267 4122 justum,
279 4062 321 4110 sed
332 4077 382 4126 pre
393 4063 518 4112 timidltete
528 4063 565 4112 sel
574 4070 694 4113 senectuto
703 4063 740 4112 rel
749 4062 795 4110 elie
802 4063 904 4126 quedem
913 4061 1072 4110 imbecillitate
1081 4060 1211 4124 vituperem

102 4133 254 4200 injustitiam,
265 4156 319 4191 eum
330 4158 382 4192 eeru
394 4145 490 4209 exsequi
502 4151 612 4210 nequest.
646 4144 718 4202 Quod
730 4143 826 4208 quidem
837 4141 893 4192 setis
912 4160 941 4192 ex
956 4159 986 4192 co
1003 4149 1080 4207 petet,
1097 4141 1210 4210 qupnlem
1233 4139 1239 4146 ’

103 4227 129 4264 ot
139 4219 243 4282 priunum
260 4223 313 4287 quis
325 4231 465 4287 potestaten
475 4225 578 4290 edeptus
588 4233 633 4282 eet,
645 4225 732 4289 primus
743 4239 785 4289 pro
797 4223 884 4272 uiribus
895 4223 945 4290 egit
961 4223 1065 4287 injuste;
1081 4222 1210 4286 horumque

99 4300 207 4348 omniurn
218 4301 266 4350 elie
276 4303 342 4354 nulle
350 4311 388 4354 eet
397 4287 558 4370 censetquem
569 4307 679 4364 ee,unde
691 4307 742 4354 hec
751 4305 827 4352 onrnis
837 4303 913 4352 cretio
931 4303 989 4352 mihi
1006 4311 1031 4351 ιι
1047 4303 1112 4358 huie,
1130 4317 1146 4348 o
1163 4301 1211 4349 So·

99 4387 185 4438 ιιιιιι,
196 4383 321 4432 edrersum
334 4393 358 4434 te
369 4385 477 4450 proiecte
487 4395 537 4436 est:
555 4387 666 4452 quonism
678 4403 707 4436 er
718 4386 794 4448 vohis,
810 4399 825 4433 o
836 4385 932 4434 mirifice
942 4385 1058 4440 Sumtus,
1075 4382 1212 4446 quicunqne

97 4459 183 4510 lenda
191 4461 294 4526 justitie
312 4466 467 4530 profitemini,
483 4483 498 4516 e
517 4469 600 4534 priscis
619 4469 665 4517 illis
684 4467 793 4516 heroibus
809 4466 959 4532 incipientes,
978 4463 1113 4529 dequibus
1132 4459 1212 4523 ulique

96 4549 177 4589 eunt
188 4543 304 4592 mernorie
315 4563 391 4612 usque
403 4547 433 4596 ed
445 4557 535 4598 nostroe
547 4551 662 4612 homines,
681 4548 878 4612 nollurunqunnr
896 4546 962 4595 sliter
978 4541 1083 4592 leudevit
1095 4539 1211 4602 justitium

167 4621 241 4673 rur.
258 4624 299 4674 rr.
485 4614 495 4630 ·
668 4629 709 4680 ιι.
1125 4621 1148 4666 ⁰
