3102 5312
160 543 234 624 tre]
498 541 748 604 uniuersus
778 541 853 608 tre.
875 535 945 607 xr'r.
1188 551 1248 611 ree

159 697 263 756 luerunt,
272 693 322 748 dnll
332 704 404 763 etque
421 697 530 764 Apollini
541 699 659 750 dedleeto.
668 709 694 750 et
707 709 758 750 turn
766 715 809 766 per
816 717 843 750 se
853 703 930 751 rulurn
940 702 1048 766 quilibet,
1058 709 1108 752 turn
1118 703 1250 754 uomrnunl·

157 784 196 826 ter
214 779 322 828 omnibu
337 778 465 844 diligenter
480 782 624 846 perquisitis,
636 783 667 831 de
686 783 784 847 singulis
799 784 971 848 magistratibus
986 785 1080 848 publice
1094 781 1248 849 perscribunt,

159 857 219 922 qnid
230 859 280 922 peti
305 875 347 908 sue
372 859 460 909 derere
488 877 516 910 ee
543 863 725 927 repetundernnr
742 863 852 928 judieurn
869 866 989 914 sententie
1007 865 1100 915 deeset.
1127 881 1156 914 eo
1176 867 1251 931 eiquie

160 941 308 1002 enegietretns
328 942 412 990 borum
427 941 520 1004 judicio
537 959 584 992 nun
605 952 671 993 recte
693 944 830 993 dnrrrnetnrn
848 959 901 993 esse
919 959 945 994 se
965 946 1077 1010 queritur,
1095 947 1125 995 ed
1147 947 1249 995 eleetuur

155 1017 276 1083 juditium
294 1023 478 1085 repetundarum
495 1022 588 1086 jndices
607 1025 717 1073 deleret:
734 1032 760 1072 et
773 1026 793 1074 ei
809 1025 918 1082 senserit,
934 1033 1028 1074 remeet
1041 1041 1090 1083 ens,
1102 1026 1198 1079 sirelit.
1212 1026 1250 1076 ein

157 1105 239 1150 nutern
256 1102 290 1150 ibi
304 1117 398 1167 qnoque
414 1102 546 1162 dnnrnetur,
564 1111 634 1169 etque
653 1113 725 1154 tutet
741 1106 772 1154 eb
788 1106 848 1169 ipsis
858 1108 1037 1169 repetunderurn
1047 1107 1167 1172 judicibus
1177 1117 1250 1156 morte

157 1179 231 1230 luerit
240 1182 426 1242 condemnem„
442 1184 640 1248 quemedrnuduur
651 1186 779 1234 neeoeeitns
790 1187 873 1250 exigit,
883 1187 1003 1235 morietur.
1019 1188 1082 1252 quod
1093 1187 1114 1235 si
1124 1203 1152 1236 et
1162 1187 1253 1236 mulete

158 1260 191 1309 eb
201 1261 384 1313 illisdernnetus
397 1265 477 1322 luerit,
488 1281 542 1328 quer
552 1265 626 1328 duple
639 1265 669 1312 eb
679 1265 732 1329 ipen
741 1266 846 1329 persolvi
856 1275 943 1329 potest,
955 1266 1049 1330 duplum
1069 1267 1193 1331 persolvet.
1210 1267 1252 1315 red

152 1341 208 1407 jern
219 1344 362 1393 endiendurn
372 1353 417 1401 est,
428 1360 483 1409 que
493 1347 574 1394 bornus
586 1347 617 1394 de
628 1346 766 1409 repetundis
775 1347 907 1404 sententie,
918 1355 943 1396 et
953 1346 1072 1412 quomodo
1082 1347 1186 1394 lerendre
1197 1346 1253 1395 rint.

155 1422 197 1471 leis
218 1423 299 1488 igitur,
316 1425 357 1490 qui
377 1425 450 1474 totius
466 1425 568 1474 tiritetie
587 1439 703 1474 consensu
725 1426 834 1474 omnibus
851 1428 967 1490 propositi
984 1436 1048 1484 sunt,
1074 1425 1148 1492 [ott]
1175 1427 1254 1474 dunen

155 1502 268 1562 vixerint,
287 1505 357 1568 prirni
376 1519 500 1554 oonseuus
510 1519 602 1568 semper
613 1506 637 1552 ln
648 1505 760 1553 omnibus
772 1505 959 1555 solemnitatibus
969 1508 1124 1570 prebeentur.
1140 1515 1167 1554 et
1177 1521 1254 1572 qnnn·

153 1581 285 1646 &rmnqne
294 1585 324 1632 ed
335 1586 469 1632 eommunis
476 1584 613 1634 Gmoornnr
621 1587 757 1647 speeteeule
765 1587 924 1651 nerilioinqne
930 1587 994 1636 mitti
1000 1587 1097 1650 judices
1104 1602 1132 1635 ec
1140 1587 1256 1651 prreeides

154 1661 254 1726 eliquns
271 1663 391 1712 eeiritere
405 1677 504 1712 neeesse
521 1671 566 1720 ert,
581 1679 610 1712 ex
628 1664 680 1712 ieris
688 1663 825 1713 mittentur:
843 1668 868 1714 hi
880 1669 924 1716 reli
933 1668 960 1714 in
971 1667 1067 1716 oieitete
1078 1681 1165 1716 corone
1174 1667 1256 1716 lenree

153 1750 310 1792 coronentur.
326 1743 352 1790 hi
360 1743 423 1792 Solis
437 1749 464 1790 et
478 1740 601 1806 Apollinis
611 1743 747 1791 sacerdotes
757 1745 804 1791 sint
815 1761 821 1789 r
840 1745 949 1808 pontilex
959 1747 1033 1794 etiem
1042 1761 1147 1796 summus
1158 1747 1257 1810 tinpnlls

154 1822 232 1871 anule
241 1837 271 1868 er
280 1821 332 1870 istie
342 1821 384 1870 ille
395 1823 440 1878 sit,
445 1823 487 1886 qni
497 1823 611 1885 superiori
621 1837 684 1870 enno
694 1823 778 1870 ceteris
789 1824 927 1872 excelluisse
938 1827 1100 1874 secerdotibrrs
1108 1825 1258 1890 judie-ebibit.

158 1904 246 1952 horum
256 1903 400 1959 nominibus,
417 1917 540 1966 quousque
556 1902 641 1951 civitas
658 1903 808 1960 habitabitur,
822 1911 926 1967 tempore
941 1905 1122 1969 dintinguantur.
1139 1907 1257 1958 delnnttie

158 1981 345 2032 eutem-lunens
361 1990 388 2030 et
408 1984 515 2046 sepulcre
537 1983 790 2047 creberrimum
811 1985 895 2033 uaeris
914 1985 1012 2043 eivilrre,
1030 1987 1095 2035 litut.
1118 1986 1258 2037 induerente

158 2063 275 2130 qeerllbet
291 2063 347 2112 elbe
366 2063 414 2111 rint
426 2081 432 2110 :
446 2063 528 2112 *luctet
542 2065 694 2129 plorutnsque
714 2063 782 2112 ebrit.
798 2065 863 2112 ebori
880 2079 973 2130 quoque
993 2067 1048 2124 duo,
1058 2069 1257 2132 unuspuellerunr

158 2144 307 2208 quindecim,
318 2143 379 2192 ulter
389 2145 490 2193 tutidern
498 2161 631 2210 puerorum,
642 2146 728 2194 leretrn
740 2145 846 2209 undique
855 2147 1006 2204 eirotundeto,
1015 2149 1117 2197 rioiesinn
1124 2151 1258 2198 urerdntes

159 2225 306 2274 carminibus
324 2226 429 2282 leudent,
445 2227 632 2292 felicitatemque
649 2225 700 2290 ejus
710 2241 754 2292 per
764 2235 842 2276 tonent
852 2227 917 2276 diem
927 2229 1064 2280 decertent.
1080 2243 1150 2278 mnne
1161 2243 1216 2279 vero
1225 2230 1257 2277 ed

161 2316 344 2356 monumentum
359 2307 471 2356 feretrum
488 2307 594 2371 juniores
611 2309 695 2366 terne,
714 2309 755 2371 qui
773 2308 902 2372 gymnesils
919 2323 1014 2372 opernm
1032 2309 1183 2374 impendunt,
1198 2325 1259 2374 qnos

162 2385 274 2436 dulnneti
291 2388 393 2437 hominis
411 2388 590 2453 propinquiores
604 2387 751 2458 delegerint:
768 2388 886 2453 primique
902 2390 1007 2445 orellbee,
1023 2391 1089 2456 queri
1106 2392 1136 2439 ed
1153 2405 1258 2456 pugnem

162 2471 260 2528 trureti,
282 2469 425 2532 precedent,
446 2484 501 2517 nuru
519 2470 585 2532 equis
601 2469 703 2532 equites,
718 2477 745 2516 et
755 2483 809 2516 curn
825 2469 916 2517 levibus
935 2470 1005 2517 erutis
1020 2471 1122 2534 pedites,
1139 2472 1258 2536 ceterique

163 2548 285 2598 similiter.
301 2551 369 2613 pueri
383 2565 440 2598 vero
458 2557 514 2598 ente
524 2550 644 2608 feretrum,
652 2549 754 2612 putrium
765 2555 860 2598 centurn
871 2549 1005 2606 concinent,
1017 2557 1044 2598 et
1051 2551 1137 2614 puelle
1145 2560 1200 2616 post
1208 2567 1259 2609 eor,

162 2643 195 2676 eo
204 2629 370 2694 muliereejern
378 2630 464 2678 effere
473 2637 609 2693 sequentur.
619 2641 736 2694 postremo
745 2630 865 2693 utriunque
876 2631 968 2692 generis
977 2631 1104 2691 entletitee,
1112 2632 1219 2696 qnernrie
1228 2632 1259 2680 eb

161 2709 220 2758 eliis
236 2711 394 2758 monumentis
410 2719 540 2767 eruerentur,
550 2719 631 2759 tenum
642 2711 662 2758 ei
672 2710 774 2776 Pythius
783 2725 876 2774 quoque
887 2711 1068 2768 conllrnrererit,
1079 2711 1111 2760 nd
1124 2715 1169 2762 lroo
1178 2713 1259 2777 eepnl·

161 2803 239 2846 auur,
250 2791 318 2854 queri
325 2805 409 2855 perum
417 2792 529 2856 quiddern
537 2791 576 2847 eit,
587 2791 620 2839 nil
632 2789 740 2854 probibet
750 2791 872 2840 devenire.
887 2799 1065 2841 monumentum
1075 2793 1131 2842 hnic
1142 2794 1186 2842 sub
1198 2802 1260 2843 terre

161 2869 197 2919 eit
213 2863 287 2919 lerrrtx
305 2872 415 2936 quedern
431 2873 523 2936 longior
537 2887 566 2919 ee
580 2870 708 2920 durissimis
724 2871 875 2936 pulchrisque
893 2873 1019 2936 lepidibns,
1028 2873 1069 2922 ubl
1080 2873 1261 2937 lepidellectnli

162 2951 350 3015 utrinqueeint.
366 2954 405 3001 bie
415 2952 512 3001 beetm
529 2953 600 3001 illum
615 2953 742 3018 sepelient,
759 2953 899 3016 erboresque
919 2953 945 3000 irr
964 2953 1064 3002 eir-cuitu
1079 2954 1197 3016 plentent,
1213 2967 1261 3002 une

162 3041 270 3095 excepte
289 3033 435 3081 solumunodo
451 3040 525 3096 perte,
541 3041 570 3080 nt
588 3033 633 3079 lton
651 3033 785 3096 sepulerum
795 3033 876 3094 augeri
886 3034 969 3094 puerit.
984 3033 1072 3082 deinde
1082 3033 1182 3097 singulis
1192 3034 1261 3083 errnie

162 3112 264 3168 murino,
275 3114 385 3178 gynrrdoo
394 3113 544 3175 equestrique
552 3109 681 3158 cennndne
690 3110 803 3159 tresviros
811 3112 935 3160 honorent.
943 3113 993 3160 nee
1001 3113 1261 3175 prnmlnillisredden·

164 3197 214 3250 tur,
232 3207 333 3256 quornm
349 3193 380 3240 de
399 3191 479 3241 relntie
499 3191 632 3239 rationibus
639 3189 731 3254 judicie
741 3189 907 3238 demnettnon
920 3199 983 3239 eunt.
993 3192 1014 3238 ei
1024 3192 1078 3254 quie
1089 3201 1166 3240 entem
1178 3195 1261 3241 borunn

163 3269 257 3337 judicio
267 3273 398 3327 cenfideoe,
405 3286 455 3338 quo
462 3269 573 3334 preeletus
581 3269 635 3326 luit,
643 3275 732 3317 nature
740 3270 848 3316 benene
854 3268 962 3331 lregllern
969 3271 1262 3328 conditionemdetererit,

168 3355 255 3418 lapsus
264 3353 380 3403 videlicet
396 3351 422 3400 in
439 3365 548 3408 erronem,
567 3359 695 3415 postquem
711 3349 819 3413 egregius
831 3349 925 3396 hebitue
939 3357 991 3398 eet:
1009 3349 1127 3398 molatur
1137 3351 1199 3414 lege,
1210 3359 1262 3401 nte

165 3435 264 3483 volente
282 3433 391 3499 quolibet
406 3438 537 3481 notemur.
554 3429 627 3495 [948]
642 3428 806 3493 judidnnrque
820 3428 851 3476 de
870 3428 923 3497 ipso
935 3428 970 3478 sie
990 3437 1080 3493 egetur.
1097 3429 1172 3492 primu
1182 3431 1262 3494 legunt

167 3516 282 3564 mutire
302 3513 388 3570 edsint,
404 3513 492 3560 deinde
510 3511 614 3562 eceunti
631 3509 707 3574 ipsine
726 3510 833 3574 college,
850 3507 921 3558 electi
936 3515 1051 3574 pretereo
1064 3509 1148 3574 judieii
1161 3511 1263 3576 judiees.

167 3595 274 3644 eddueet
280 3603 358 3643 nutent
370 3600 492 3642 nectuntur
502 3591 627 3656 indiguum
636 3605 688 3639 esse
696 3590 772 3646 illurn,
780 3591 822 3654 qui
830 3597 960 3648 tornatur,
969 3599 994 3642 et
1002 3591 1137 3654 mugietrutu
1145 3599 1170 3639 et
1176 3593 1263 3656 megis-

169 3683 247 3724 tretne
258 3675 369 3739 premiis.
388 3674 407 3722 el
417 3689 474 3738 ergo
484 3671 642 3728 denrnelritnr,
653 3671 798 3735 megletretu,
808 3671 917 3736 sepnluro
927 3672 1058 3734 ceterisque
1069 3670 1105 3718 illi
1116 3673 1263 3736 mgietrntni

166 3756 360 3820 conpetentibus
375 3755 478 3819 premiis
493 3755 606 3819 privetur.
622 3753 660 3802 sin
675 3767 733 3801 vero
749 3761 870 3802 eruuntur
881 3753 986 3816 quintum
997 3751 1163 3814 suffugiornrn
1171 3761 1261 3816 perterrr

166 3851 219 3886 nnn
233 3837 349 3894 hebuerit,
368 3837 408 3900 qui
424 3837 496 3901 prirni
505 3849 590 3884 oeneus
599 3841 644 3892 est,
654 3833 781 3884 duodecim
793 3851 800 3895 ;
816 3834 858 3898 qni
871 3833 979 3890 eterrndi,
989 3841 1061 3893 octn3
1078 3833 1120 3896 qni
1128 3833 1263 3895 tertii,een;

165 3918 210 3982 qui
220 3919 309 3982 querti,
318 3919 377 3966 done
388 3917 465 3966 mines
472 3917 599 3982 persolvet.
632 3917 723 3980 blegne
733 3925 813 3966 entern
824 3916 848 3964 iu
857 3913 988 3979 judioendo
999 3914 1154 3962 ednrlretinrre
1162 3914 1262 3978 dignum

166 3999 245 4048 inisse
262 3995 472 4047 Rbtdenentbnrn
488 3999 566 4047 rideo.
580 3997 624 4045 ille
643 3996 758 4062 siquidem
775 3996 933 4061 perspiciebet
943 3996 969 4043 in
978 3995 1028 4043 illie
1037 3995 1188 4058 temporibus,
1197 3995 1263 4044 Dens
1303 4027 1311 4062 3

169 4091 226 4126 erse
234 4091 318 4126 omnes
328 4091 377 4128 uuo
384 4093 424 4128 ore
435 4078 543 4127 homines
551 4077 669 4128 confiteri.
684 4092 764 4142 neque
775 4077 800 4126 id
813 4077 905 4143 injurie,
915 4091 968 4126 turn
977 4076 1048 4125 rnulti
1057 4076 1084 4124 in
1094 4076 1142 4124 illle
1151 4077 1265 4144 tempori·

172 4159 221 4206 bne
236 4175 266 4207 err
282 4157 338 4208 Diis
354 4159 473 4222 progeniti
492 4167 582 4216 esunt,
600 4173 701 4222 quorum
715 4159 742 4207 in
758 4171 857 4206 numero
871 4157 924 4222 ipse
942 4149 1013 4206 etiem
1033 4156 1169 4206 bebelretur.
1184 4158 1265 4221 itnque

168 4237 268 4288 ridetur
276 4247 384 4304 putesne,
394 4239 458 4297 Diis,
468 4255 515 4289 nun
522 4240 714 4290 lronninibneeese
720 4238 813 4304 judicie
819 4239 997 4288 committendo.
1014 4238 1122 4302 quoeiree
1127 4237 1266 4302 simpliciter

169 4321 330 4386 velociterque
338 4321 432 4385 judicie
441 4322 639 4386 peregebet.nero
647 4320 801 4386 jurejurando
817 4321 843 4368 in
864 4321 966 4385 singulis
986 4319 1066 4368 nensis
1086 4333 1101 4366 e
1118 4315 1265 4380 litigentibue

168 4401 296 4465 requisito.
305 4403 354 4451 cito
363 4401 435 4450 sireul
445 4417 473 4451 eu
482 4409 534 4451 tuto
540 4403 649 4468 judioere
659 4401 760 4450 solebet.
775 4415 840 4450 nune
847 4417 905 4460 reru
912 4401 955 4450 elii
973 4401 1041 4450 Dens
1051 4413 1105 4447 eree
1115 4405 1211 4460 πομπὴ
1222 4395 1264 4444 tffi

170 4483 333 4532 rethurrreuee
351 4497 431 4533 curere
448 4497 496 4531 non
513 4491 614 4548 putent;
631 4483 725 4548 plurimi
744 4497 799 4532 rero
809 4481 940 4547 elpereirrri
950 4481 1036 4530 rilibns
1046 4479 1129 4528 lroetiis
1140 4475 1266 4541 multisque

170 4561 296 4616 blenditiit
311 4564 347 4613 ite
364 4564 485 4618 eontsslrrri
502 4565 547 4616 eibi
566 4555 607 4616 en'i
624 4565 766 4624 existiment,
783 4571 811 4615 ut
826 4565 921 4630 impune
932 4562 1003 4614 lineet
1018 4560 1129 4627 grendern
1140 4556 1265 4623 penum
