3102 5312
99 471 170 548 rte]
452 475 507 534 un
529 469 700 535 seorsus
722 473 796 536 ιιι.
812 477 864 537 vr.
1126 459 1185 535 ses

100 625 165 676 dom
173 627 214 692 qui
223 627 402 694 siuegioserint,
413 629 444 679 de
454 629 773 696 mopersoirsnttidejossio
780 633 966 698 sutemprimum
974 629 1185 698 psetsuntsstns

98 709 131 756 sit
140 723 149 758 ι
166 711 204 757 ert
213 709 300 759 dmnde
313 728 319 758 ι
336 711 406 761 tertis
414 711 512 762 trstrum
522 711 608 762 eodem
617 729 645 762 ex
656 721 723 778 putre
731 723 847 764 ustorum.
864 713 886 762 si
903 713 981 762 nultus
990 713 1086 762 istorum
1103 725 1186 774 super·

98 799 147 837 stes
158 791 197 845 rit.
209 799 264 840 tuuc
274 805 304 840 ex
314 799 381 856 perte
392 795 473 841 metris
483 793 591 842 similiter
598 793 719 859 fidejussio
730 797 814 844 velent.
824 797 860 843 sin
871 803 950 844 eutem
959 793 1055 842 insolitu
1063 791 1187 854 contigerit

98 869 223 929 desoittio,
232 871 408 938 propinqtdores
417 875 496 938 agneti
504 885 575 938 etque
584 875 686 939 gentiles
697 891 744 924 uos
754 891 808 924 corn
818 875 932 924 tutoribus
943 873 1094 939 fidejubent.
1111 871 1185 938 [775]

97 951 117 998 si
134 967 183 1015 qus
197 967 253 1002 vero
267 967 334 1004 sucre
347 955 450 1004 initiatio
466 961 506 1004 unt
521 956 601 1004 dirius
620 955 667 1004 siis
686 955 788 1019 expiatio
806 957 837 1004 ud
858 956 936 1004 sutore
955 956 993 1004 rel
1011 953 1129 1018 preterito
1148 951 1186 1000 rel

99 1034 226 1096 presentis
235 1034 259 1082 in
269 1033 358 1098 nuptiis
368 1035 462 1098 ugendn
471 1037 586 1093 rideatur,
597 1035 728 1084 divinorum
738 1037 878 1101 interpretes
887 1035 1010 1085 consulent
1022 1054 1027 1082 :
1047 1042 1186 1100 potestque.

97 1114 117 1163 ιί
132 1113 183 1162 iilis
197 1115 323 1178 potuerint,
340 1116 461 1166 moderate
478 1117 571 1181 singule
586 1117 714 1181 peregisse.
745 1115 787 1164 Ad
802 1117 907 1181 nuptinle
924 1131 980 1166 vero
995 1116 1129 1165 convivium
1136 1126 1186 1162 non

99 1193 180 1258 plures
191 1209 261 1259 quern
271 1197 374 1261 quinque
385 1197 487 1246 amiciet
497 1196 811 1261 umicmquinqusexlutere
821 1203 1044 1260 pstemovocentur:
1061 1211 1090 1244 er
1098 1209 1185 1258 cogos-

95 1275 126 1322 tis
136 1283 163 1322 et
173 1277 312 1341 propinquis
320 1277 428 1326 totidem.
444 1277 551 1342 impenso
558 1277 785 1328 secundumdivitiss
794 1277 843 1326 fist.
858 1277 987 1327 ditissimus
1002 1277 1187 1340 minumexpen·

97 1355 153 1404 det:
176 1357 406 1406 diossemiminern:
424 1358 584 1423 deincepsque
605 1358 757 1422 proportione
778 1369 877 1414 mrsu,
902 1375 949 1424 quo
965 1358 1080 1408 decrescit
1094 1371 1187 1412 census,

97 1437 231 1486 descrescst
240 1439 347 1487 similiter
356 1446 382 1487 et
391 1439 507 1503 impense.
523 1439 562 1503 qui
574 1439 622 1504 legi
629 1447 704 1504 peret,
716 1438 823 1488 landetur
834 1439 863 1488 nb
871 1439 994 1488 omuibus:
1011 1437 1055 1487 sed
1072 1453 1134 1494 eum,
1146 1435 1188 1502 qui

98 1531 146 1566 non
163 1518 318 1582 obtemperet,
338 1519 451 1568 dnmnsut
468 1519 578 1569 modes
596 1521 683 1584 legum,
701 1527 814 1585 tunqnsrn
834 1537 848 1568 ιι
868 1519 954 1569 decoro
969 1517 1072 1568 sliennm
1079 1517 1186 1582 legisque

98 1599 242 1662 rponssiiom
250 1599 371 1648 Musarum
382 1613 476 1664 prorsus
486 1599 602 1665 ignarum.
618 1599 698 1650 bibere
710 1617 765 1650 rere
775 1603 804 1650 ud
816 1599 952 1650 ebrietatem
962 1615 1035 1664 usque
1043 1613 1121 1663 nsque
1129 1591 1186 1647 stet

98 1695 201 1743 anusm
216 1681 296 1737 decet,
312 1689 467 1744 preterquam
484 1681 509 1729 in
527 1681 716 1730 solemnitatibus
731 1683 781 1747 ejus
801 1679 858 1746 Dei,
876 1684 916 1746 qui
935 1681 1031 1744 largitus
1042 1681 1184 1729 sutrinum:

98 1775 144 1808 uec
155 1767 231 1809 mtorn
242 1771 287 1809 est.
304 1761 405 1809 menime
415 1775 471 1810 vero
481 1763 598 1811 connubio
608 1761 739 1828 conjuncti,
750 1777 848 1828 sponsus
858 1771 883 1811 et
892 1777 985 1827 sponsu,
996 1770 1052 1810 tunc
1059 1773 1186 1824 meuqnsm

98 1841 297 1906 quietissimomm
313 1849 438 1905 parentum
455 1841 526 1890 filium
543 1842 630 1892 duest:
648 1851 672 1892 et
682 1845 722 1908 qui
730 1853 813 1893 contre
823 1843 973 1898 putationem,
982 1841 1108 1907 presertim
1119 1847 1146 1889 ut
1157 1855 1187 1889 ex

99 1937 169 1986 quun
188 1922 286 1971 mesine
297 1921 424 1972 moderetis
434 1937 527 1985 semper
538 1923 658 1988 generatio
670 1922 720 1974 fist.
735 1923 808 1973 ferme
819 1925 883 1974 enim
893 1925 1008 1973 incertum
1019 1931 1062 1980 ert.
1074 1937 1127 1986 que
1138 1935 1187 1970 sor

97 2011 139 2052 rut
148 2003 200 2052 dies
207 2019 261 2052 cum
272 2001 327 2052 Deo
338 2003 412 2068 ipsum
421 2013 527 2067 porriget.
543 2019 613 2068 quere
624 2011 650 2053 ut
658 2004 755 2061 solidus,
766 2005 857 2054 stabilis
864 2015 889 2054 ot
898 2007 990 2070 quietus
1001 2011 1130 2068 conseptus
1136 2003 1186 2060 det,

97 2097 147 2132 non
158 2091 251 2148 oportet
258 2083 396 2148 corporibus
405 2083 520 2133 ebrietste
530 2083 622 2134 diffusis
632 2085 688 2134 dnre
700 2101 796 2150 opernm
805 2085 893 2135 liberis.
909 2087 951 2151 qui
959 2091 1038 2134 sutem
1048 2085 1104 2133 vino
1114 2083 1186 2132 reder-

97 2172 136 2214 tus
147 2175 192 2222 est,
201 2173 249 2214 tun
260 2168 343 2214 enimn
354 2179 425 2230 quun
432 2165 535 2229 corporis
542 2165 607 2214 rnbie
618 2165 749 2216 concitatus
758 2167 840 2232 queris
850 2175 875 2216 et
882 2167 987 2216 dubitet
996 2165 1102 2214 unnim
1118 2163 1187 2213 iccir-

97 2261 126 2294 oo
144 2245 232 2302 ebrius,
246 2253 358 2310 tunquam
374 2253 455 2294 mente
472 2253 563 2310 ceptus,
575 2246 739 2296 adserendum
750 2247 895 2296 estinutilis.
910 2261 995 2312 nempe
1005 2245 1131 2295 verisimile
1142 2251 1187 2302 est,

66 2331 71 2342 ‘
96 2341 153 2374 corn
170 2326 241 2374 fotos
255 2327 391 2391 irrequies.
407 2325 538 2384 instabiles,
557 2327 664 2392 obliquos
676 2336 725 2377 tnm
734 2329 846 2377 membris
856 2343 924 2393 quern
937 2327 1047 2389 moribus,
1057 2339 1187 2391 procretre.

94 2407 253 2472 quamobrem
262 2421 304 2470 per
312 2415 386 2455 totum
396 2405 491 2471 quidem
499 2408 581 2466 vitem,
598 2416 623 2458 et
637 2409 737 2458 maxime
749 2408 861 2473 quamdiu
871 2407 1017 2474 generetioui
1028 2415 1104 2462 esest,
1113 2405 1186 2454 obsti·

93 2487 167 2537 nebit
184 2487 291 2552 quisque.
308 2487 446 2553 etrebitque
461 2503 493 2538 ne
510 2489 591 2547 imist,
609 2491 646 2539 ιιΙ
665 2505 718 2554 qne
732 2497 815 2554 suspte
825 2497 909 2538 sutore
917 2496 942 2538 et
952 2496 1036 2552 sponte
1046 2487 1140 2536 morbos
1148 2487 1186 2535 in-

94 2571 197 2624 ducrmt.
219 2567 256 2616 rel
276 2583 328 2632 qus
349 2570 380 2618 sd
400 2569 554 2633 petulentiam
570 2571 725 2636 injuriamque
741 2571 870 2620 declinem.
886 2571 938 2618 heo
953 2567 1014 2618 enirn
1029 2569 1054 2617 in
1064 2568 1188 2622 entnoser

96 2663 195 2714 corpere
203 2649 351 2698 uescentium
360 2651 494 2700 peccando
504 2652 616 2699 trundum
625 2651 676 2700 illio
687 2651 860 2716 imprimuntur,
871 2649 1010 2714 pejoresque
1021 2647 1077 2696 inde
1087 2661 1188 2696 nuscun-

96 2739 142 2778 tur.
159 2729 203 2778 sed
216 2731 335 2794 precipue
352 2729 393 2778 die
408 2729 450 2779 itte
469 2743 497 2778 oc
513 2737 583 2778 nocte
594 2729 700 2778 etsiibus
711 2729 882 2779 abstinendum.
898 2727 1039 2793 principium
1050 2741 1153 2791 nomque
1164 2732 1190 2776 et

96 2823 184 2860 nomen
202 2811 335 2860 hominibus
354 2811 458 2868 matum.
477 2809 498 2858 si
514 2811 665 2860 convenienti
682 2809 727 2859 sibi
747 2809 870 2874 esingniis
881 2809 1058 2874 munereipsius
1068 2809 1189 2857 utentibus

97 2893 187 2940 honore
203 2891 325 2946 efficietur.
346 2892 425 2940 omnis
443 2899 528 2940 serrat.
561 2891 662 2956 Oportet
668 2900 746 2940 sutem
756 2891 852 2940 sltsrsru
862 2906 890 2938 ex
902 2889 992 2938 duobus
1001 2897 1063 2938 sorte
1072 2889 1188 2947 domibus,

97 2971 174 3037 [m]
189 2985 204 3020 s
223 2972 358 3036 perentibus
378 2979 518 3036 separatum,
532 2971 598 3036 qussi
609 2971 641 3020 sd
651 2973 768 3036 pullorum
780 2971 954 3036 generetionem
966 2970 1188 3035 educationemque,

98 3063 209 3117 sponsum
226 3053 340 3117 occipere,
357 3059 427 3116 utque
446 3051 481 3100 ibi
490 3051 585 3114 nuptiss
593 3051 720 3108 celebrere,
732 3051 770 3100 ubi
782 3052 813 3100 sit
824 3067 878 3101 eum
888 3049 967 3101 liberis
978 3053 1026 3100 suis
1036 3051 1190 3099 hsbitntnrus.

99 3149 156 3182 nrm
171 3132 193 3182 si
208 3131 326 3196 quoddom
342 3131 368 3181 in
383 3131 493 3182 amicitiis
501 3131 644 3180 desiderium
652 3131 722 3188 inest,
732 3147 810 3180 mores
819 3133 974 3196 omnesqussi
985 3132 1075 3195 glutino
1084 3131 1187 3194 quodum

98 3215 222 3263 connectit
231 3221 256 3262 et
265 3215 338 3262 vincit
348 3231 354 3260 r
372 3213 517 3263 consuetudo
528 3221 605 3261 sotem
617 3219 703 3268 soture.
713 3227 757 3261 nec
764 3211 836 3261 ullum
845 3211 934 3260 hebens
941 3225 984 3274 per
991 3211 1187 3264 intermissionem

96 3295 214 3358 temporis
230 3293 375 3350 desiderium,
393 3287 494 3343 siterdm
510 3293 540 3342 nb
555 3293 628 3342 nitere
638 3293 747 3342 satietate
757 3291 878 3358 disjungit.
889 3297 1039 3356 quopropter,
1049 3288 1189 3354 perentibus

98 3373 207 3442 utrisque
224 3373 376 3441 udinibnsqne
388 3375 483 3433 relictis,
493 3389 597 3424 morsum
608 3373 674 3438 qussi
685 3373 716 3422 od
727 3373 844 3423 colonium
853 3371 1037 3437 proficiscentur,
1047 3385 1075 3419 sc
1085 3369 1189 3418 vietum

98 3469 124 3504 se
142 3457 207 3520 ipsos
221 3457 375 3520 respicientes
390 3455 505 3513 hsbtrent,
521 3455 608 3505 liberos
624 3453 759 3522 gmerundo
767 3461 792 3502 et
802 3452 941 3513 cducsndo;
957 3450 1073 3507 stritus,
1082 3447 1190 3514 quem

97 3537 153 3586 eliis
170 3545 319 3601 occeperunt,
339 3553 354 3586 ιι
373 3553 398 3586 se
416 3539 483 3602 qussi
499 3539 572 3586 tedes
589 3535 698 3586 ardentes
707 3537 758 3586 eliis
768 3535 871 3592 nudent,
882 3533 948 3582 Deos
958 3546 1050 3596 semper
1060 3529 1189 3580 anundum

97 3615 166 3681 leger
174 3617 288 3666 colentes.
305 3619 420 3682 posthoc
430 3615 624 3667 considerandum
635 3627 679 3674 est,
690 3631 787 3683 querum
793 3631 869 3665 rerum
879 3613 982 3663 maxime
992 3613 1091 3661 honeste
1097 3622 1190 3676 posses-

98 3699 136 3746 sio
149 3697 188 3746 siu
204 3697 230 3745 in
250 3698 357 3762 piurimis
366 3699 459 3763 quidem
470 3711 513 3748 seu
522 3697 691 3764 cognoscendis
701 3699 750 3748 sive
760 3695 924 3760 comparandis
933 3702 958 3742 et
967 3692 1116 3758 possidendis
1125 3691 1192 3741 nolit

97 3787 136 3826 est
154 3775 287 3828 dificulter.
303 3781 330 3828 in
347 3779 421 3828 serris
431 3789 510 3829 eutem
518 3781 581 3830 istud
598 3779 693 3830 omniuo
704 3779 807 3829 difficile.
825 3783 1013 3832 crnmveroert
1023 3773 1080 3838 quis
1091 3779 1190 3824 streete

97 3857 276 3923 quodamnodo
286 3869 312 3909 et
321 3875 369 3909 non
380 3869 444 3910 recte
454 3877 531 3911 rursus
540 3863 571 3911 de
580 3863 638 3928 ipsis
654 3861 777 3926 loquimur.
793 3873 847 3908 nem
865 3865 890 3906 et
901 3865 982 3906 cortrs
992 3871 1060 3904 usum
1070 3857 1189 3906 etiterum

6 3975 7 3990 ι
96 3939 227 3988 secundm
237 3955 305 3990 usum
316 3939 346 3991 de
357 3941 432 3991 smris
443 3943 514 3992 verbs
522 3943 639 3993 dicontur.
666 3943 739 3993 Meo.
751 3943 806 4001 Quo
817 3947 886 4004 pecto
895 3939 920 3987 id
932 3937 1049 3986 dicimos?
1067 3950 1114 3985 nen
1125 3936 1190 3985 eninr

6 4051 7 4060 ι
93 4019 262 4085 inunigims,
280 4023 375 4088 hospes,
394 4025 450 4089 quid
470 4025 541 4073 modo
560 4025 640 4074 dicere
661 4025 728 4072 velis.
761 4022 865 4072 Ατιιιιιι.
882 4017 937 4069 Nou
948 4017 1043 4084 injuris,
1054 4033 1069 4065 o
1080 4017 1190 4082 Megillo.

95 4099 173 4150 derum
183 4103 247 4151 enirn
257 4103 299 4152 iiis
309 4104 541 4156 anedrrmoniorom
551 4105 658 4162 serrium
667 4121 736 4170 quum
745 4103 835 4152 ilotisrn
845 4103 940 4157 vocetis,
951 4101 999 4165 pres
1008 4099 1091 4149 ceteris
1099 4099 1189 4148 Grecis

97 4182 224 4230 nerim
240 4182 410 4233 dubitetioneru
429 4195 454 4235 et
465 4189 638 4236 contentionem
649 4185 714 4242 fucit,
724 4201 777 4234 oum
789 4185 843 4232 eliis
851 4183 920 4240 beno,
929 4183 981 4230 eliis
992 4187 1073 4229 contm
1080 4179 1189 4228 instituto

94 4261 215 4311 ridentur.
247 4261 427 4314 Romulidarum
445 4281 500 4316 vero
517 4268 639 4323 minorem,
649 4280 718 4330 quum
729 4263 953 4328 Merisndpnornmr
971 4267 1088 4326 postremo
1098 4259 1189 4307 servilis

94 4341 162 4406 spes
171 4341 299 4393 memo·
310 4346 385 4394 ess.
401 4347 453 4395 ree
464 4347 546 4412 nuque
557 4355 582 4397 ιι
594 4345 725 4413 hujusmosi
736 4341 1063 4408 omasanmesmquss
1072 4338 1188 4387 ‹retme-

93 4437 151 4472 Μ
158 4425 307 4488 pomisne
318 4425 435 4490 egendum
444 4428 498 4475 est?
510 4430 555 4478 hoo
566 4437 628 4479 certe
640 4427 695 4476 mihi
704 4443 766 4476 nunc
776 4423 872 4482 excidit,
882 4429 938 4472 etto
950 4421 1034 4470 merito
1044 4434 1081 4468 rne
1092 4419 1189 4466 interro·

93 4504 166 4566 Μ·
177 4505 236 4568 quid
247 4505 360 4558 diceretu.
376 4509 421 4556 hoc
431 4514 511 4557 eutem
521 4509 653 4576 hujusmodi
664 4517 715 4557 est:
750 4507 843 4558 Scimus
861 4505 976 4571 prefecto,
991 4502 1054 4565 quod
1066 4499 1190 4546 ἰιιοιειιιιιι
