3160 5314
191 471 260 550 tto]
508 470 564 530 DE
586 467 818 530 ttnPUBttclt
840 467 916 530 ΗΒ.
938 469 994 530 111.
1225 471 1278 530 131

189 627 367 690 &mensesque
389 625 563 674 institutionum
585 627 688 691 ipsorum
708 626 842 690 principum
865 625 1054 690 sppellabuntor.
1080 627 1174 677 ·Gssu.
1197 629 1236 678 Sic
1257 639 1282 679 et

190 707 330 773 ipsesentio.
363 706 408 754 So.
424 707 486 766 Quis
495 707 578 770 itsqoe
596 708 679 754 modus
698 707 752 763 erit,
763 723 811 770 qno
831 723 859 754 cs
879 707 915 754 bis
935 707 1071 765 mendaciis,
1082 723 1135 772 qure
1152 707 1281 772 aliquando

189 788 279 845 decent,
290 787 490 852 quemadmodum
502 795 527 835 et
536 803 580 836 nos
590 788 615 835 in
627 787 785 852 superioribus
797 803 934 850 generosum
953 788 1067 851 quiddam
1086 788 1225 837 mentientes
1243 789 1281 838 in·

189 869 301 925 duximus,
312 869 504 931 persuudeemus,
517 868 580 931 prius
590 867 686 932 quidem
698 867 844 931 principibus
857 885 863 913 r
881 868 916 914 sin
928 867 1013 922 minus.
1023 869 1104 916 ssltem
1116 868 1211 933 reliquis
1223 870 1281 918 cisi·

189 949 244 998 bus?
277 947 365 998 Gneo.
382 948 461 1006 Qusle
472 949 533 997 istnc
551 949 605 998 sis?
638 949 680 997 So.
698 947 764 996 Nilril
782 947 838 996 nori
856 950 975 1012 equidem,
988 950 1028 998 sed
1047 949 1193 998 Phoenicium
1211 951 1281 1014 quid·

188 1029 254 1076 dsnr:
271 1030 337 1093 qood
347 1039 403 1077 unte
415 1028 510 1092 quidem
522 1029 585 1092 spud
598 1028 684 1076 multos
693 1027 780 1076 luctum
791 1036 836 1086 est,
849 1038 875 1076 ut
891 1029 971 1093 polite
989 1028 1099 1077 dixerunt
1117 1039 1141 1078 et
1153 1045 1280 1094 percusse-

187 1116 251 1170 runt3
267 1110 352 1158 uostris
364 1123 417 1157 reru
430 1109 575 1173 temporibus
586 1108 698 1156 minime:
717 1125 761 1158 nec
780 1109 830 1158 scio
850 1109 869 1157 si
888 1109 990 1158 tutorum
1011 1125 1122 1174 unquam.
1139 1112 1280 1174 persuadere

186 1198 244 1240 certe
255 1191 408 1239 cstsrduorn.
442 1189 529 1239 Geso.
547 1191 625 1248 Quam
638 1189 703 1253 pigre
714 1191 743 1238 sd
755 1190 883 1239 dicendum
896 1190 980 1239 rideris
990 1191 1111 1240 accedere.
1145 1189 1188 1239 So.
1206 1190 1281 1240 Vide·

183 1269 341 1335 bcrequidem
354 1271 404 1327 tibi,
417 1277 541 1334 postquam
559 1270 649 1332 dixero,
659 1270 729 1318 raldo
747 1271 859 1320 decenter
878 1271 1015 1335 pigrescere.
1051 1269 1139 1319 Geso.
1156 1270 1205 1320 Dic
1225 1287 1278 1335 nge,

184 1367 224 1400 sec
235 1353 326 1400 timess.
359 1352 402 1401 So.
419 1349 538 1413 Ercejsm
550 1349 613 1406 dico,
625 1366 760 1415 quanosm
771 1352 851 1400 nescio
868 1367 917 1415 qus
935 1353 1034 1400 sudreie
1052 1351 1184 1416 quibusque
1203 1351 1279 1400 verbis

183 1433 250 1481 iretns
259 1433 337 1480 dicsnr
350 1450 357 1479 ι
375 1441 447 1496 atque
457 1433 578 1496 aggrediar
588 1433 686 1496 primurn
698 1432 758 1496 ipsis
769 1431 915 1497 principibus
926 1440 950 1480 et
962 1432 1074 1480 militibus
1092 1433 1198 1489 suadere,
1209 1433 1279 1480 dein·

184 1529 235 1578 ceps
245 1520 323 1562 sutem
335 1521 361 1560 et
371 1512 465 1576 reliquis
476 1514 574 1574 tisibus,
584 1514 649 1577 quoti
660 1529 698 1576 ea,
708 1513 793 1576 quibua
812 1529 855 1561 nos
872 1513 936 1577 ipsos
955 1513 1108 1561 enutrivimus
1123 1514 1278 1562 emdirimus-

184 1607 236 1657 que,
246 1599 358 1656 tanqusru
369 1593 459 1640 somnia
470 1593 512 1642 risi
523 1593 602 1640 omnis
614 1601 669 1641 suot
679 1593 741 1642 circs
751 1608 776 1641 se
788 1593 852 1657 ipsos
862 1593 956 1642 babere.
972 1601 1039 1642 erant
1049 1601 1126 1642 sutem
1138 1604 1194 1642 tunc
1211 1609 1278 1643 rere·
1298 1653 1304 1666 κ

183 1689 207 1721 ιι
217 1675 258 1722 sub
268 1683 337 1729 terre,
348 1674 412 1720 intus
423 1673 517 1722 iormsti
527 1681 552 1722 et
562 1674 667 1731 enutriti,
677 1673 725 1736 ipsi
736 1680 761 1720 et
771 1687 833 1722 arms
843 1689 923 1724 eorum
942 1681 967 1721 et
984 1673 1089 1738 supellex
1110 1674 1194 1723 omnis.
1211 1683 1278 1738 post·

182 1770 246 1819 qnsnr
258 1769 313 1802 vcro
325 1753 422 1802 omnino
434 1753 531 1818 perlecti
542 1753 646 1810 luerunt,
658 1760 717 1802 term
732 1753 796 1816 ipsos
814 1761 842 1802 ut
859 1761 932 1804 muter
951 1754 1039 1801 eduxit.
1056 1761 1081 1802 et
1100 1769 1163 1803 nunc
1181 1755 1277 1818 quidem

181 1841 286 1899 tunquam
298 1835 367 1882 rostri
377 1849 406 1884 sc
417 1833 502 1884 nutrici
513 1835 602 1900 regioni
614 1834 679 1896 huic,
689 1835 713 1882 in
725 1849 773 1898 qua
783 1841 847 1891 sunt,
859 1834 981 1882 consulere
992 1835 1081 1882 debent
1092 1842 1163 1898 etque
1181 1851 1277 1884 succur-

181 1916 264 1972 remei
275 1915 392 1979 quiscum
410 1915 528 1970 inruerit,
539 1915 619 1980 deque
636 1914 722 1964 ceteris
741 1915 832 1964 civibus
853 1923 963 1978 tunqusm
983 1915 1091 1962 iratribus
1112 1923 1169 1963 term
1190 1916 1277 1978 genitis

100 2049 104 2058 ,
182 1996 287 2060 cogitare.
320 1995 409 2045 Gsso.
428 1995 867 2045 Nonlrustrsolimembescebsslroc
880 1995 1027 2044 menducium
1043 1996 1129 2045 dicere.
1163 1997 1205 2045 So.
1224 1996 1276 2046 De·

181 2085 255 2126 center
265 2077 409 2126 cumdum
426 2077 468 2125 aed
479 2077 594 2140 sudijsm
612 2077 727 2142 reliquum
747 2075 821 2141 [tto]
840 2075 934 2124 lsbulur.
968 2075 1030 2124 Betis
1050 2075 1132 2140 utique
1151 2091 1233 2124 omnes
1250 2075 1275 2124 in

180 2159 270 2207 civitate
281 2157 493 2228 tannsrpirstres,
505 2165 532 2205 ut
542 2157 590 2222 ipsi
601 2159 707 2208 dicemus
718 2159 748 2206 sd
760 2173 801 2206 eos
813 2157 992 2221 confugientes:
1011 2157 1052 2206 sed
1072 2173 1126 2204 corn
1146 2156 1214 2204 Deus
1233 2171 1276 2204 ros

179 2239 293 2295 tormaret,
303 2239 442 2303 quicunque
454 2245 554 2286 restrum
565 2239 595 2285 ud
607 2238 770 2301 imperandum
782 2237 863 2285 idonei
875 2238 924 2284 nati
935 2243 998 2297 sont,
1008 2251 1089 2284 surum
1100 2237 1124 2284 in
1135 2249 1214 2284 eorum
1234 2253 1276 2301 ge·

178 2319 297 2368 nentionc
316 2318 375 2382 ipsis
393 2319 527 2378 admiscuit,
539 2326 634 2384 propter
653 2319 718 2383 quod
735 2318 909 2367 honoratissimi
928 2325 1000 2366 sunt:
1019 2317 1065 2365 illis
1083 2325 1172 2378 sotem,
1183 2317 1224 2380 qui
1244 2317 1275 2365 sd
1313 2321 1321 2338 ⁰

179 2397 477 2463 susilisndurn,srqentum
489 2399 592 2448 indidit:
611 2400 695 2448 lerrum
706 2400 811 2464 denique
822 2407 893 2463 atque
913 2415 945 2447 sea
965 2398 1073 2464 agricolis
1092 2406 1117 2446 ct
1135 2398 1187 2446 aliis
1206 2397 1276 2461 opifi-

179 2479 255 2530 cibus.
272 2486 380 2542 tanquam
396 2479 468 2544 igitur
484 2481 591 2544 ejusdem
612 2481 702 2545 generis
720 2497 812 2543 omnes,
824 2481 911 2530 similes
929 2481 994 2528 robis
1009 2479 1133 2544 plurimum
1150 2476 1274 2543 generetis.

177 2560 344 2629 crenitsutenr
362 2563 513 2626 quaudoque,
525 2571 552 2610 ut
569 2578 597 2610 es
616 2577 687 2610 suren
706 2569 815 2611 nuscetur
833 2568 1045 2626 argenteoque:
1064 2567 1175 2624 argenteo
1193 2558 1275 2608 simili·

176 2647 210 2688 tcr
230 2655 323 2698 aureus,
334 2647 458 2705 cetumque
469 2641 501 2690 itn
514 2642 624 2690 vicissim.
642 2641 852 2706 quapropteripsis
871 2639 1017 2706 principibus
1033 2649 1059 2690 st
1076 2629 1150 2706 primo
1168 2647 1193 2688 et
1212 2653 1275 2688 mss·

175 2720 220 2770 ine
231 2719 300 2769 Dens
311 2722 429 2786 prucipit,
440 2729 466 2770 ut
477 2723 565 2770 nullius
576 2723 610 2771 rei
628 2721 739 2786 majorem
759 2736 838 2770 curum
857 2721 1036 2785 custoditurque
1055 2721 1186 2784 suscipiunt
1202 2732 1273 2784 quarn

175 2803 488 2866 mumm‚urdtgnososnt‚
500 2804 556 2868 quid
577 2819 605 2851 er
623 2811 724 2867 qustuor
743 2803 780 2851 his
799 2802 945 2867 potissimum
966 2803 1057 2850 illorum
1077 2802 1160 2850 animis
1179 2802 1210 2850 sit
1230 2801 1273 2848 im·

175 2883 288 2944 mistum
305 2883 367 2932 etsi
384 2884 438 2948 quis
457 2901 485 2933 eu
505 2885 562 2949 ipsis
582 2893 691 2934 nuscetur
709 2900 788 2934 sancus
807 2891 848 2932 aut
867 2885 963 2946 terreus,
974 2883 1040 2932 nullu
1058 2891 1130 2946 pscto
1149 2882 1274 2930 miserean-

175 2971 218 3021 tur,
236 2964 278 3012 sed
298 2965 412 3014 bonorem
433 2965 468 3014 illi
487 2975 577 3014 nutura
597 2967 778 3016 convenientem
798 2966 936 3027 tribuentes,
955 2964 1015 3012 inter
1036 2963 1134 3028 opifices
1156 2963 1192 3010 sel
1212 2963 1274 3027 sgri·

173 3044 235 3092 cules
256 3044 508 3110 mittant51nmusque
528 3047 547 3094 si
569 3063 597 3096 ea
619 3045 668 3094 illis
690 3053 799 3096 nuscetur
821 3046 906 3110 aliquis
920 3060 1003 3094 aureus
1023 3045 1059 3092 sel
1078 3051 1211 3108 argenteus,
1231 3045 1274 3092 bu·

173 3133 281 3174 nnrsntes
300 3127 425 3183 extollant,
448 3127 532 3190 partim
551 3127 647 3190 quidem
666 3126 692 3174 in
710 3127 831 3190 custodes,
852 3125 935 3190 partim
957 3123 1110 3172 auxiliarios:
1133 3124 1201 3184 qussi
1222 3139 1273 3170 ors·

172 3205 253 3254 culum
273 3207 312 3263 sit,
334 3215 390 3256 tuuc
412 3223 460 3256 rem
484 3207 600 3271 publicam
624 3208 759 3272 perituram,
782 3223 835 3254 cum
859 3207 932 3268 ipssm
959 3205 994 3252 vel
1021 3219 1100 3251 oeneus
1128 3211 1207 3250 custos
1235 3203 1272 3250 vel

171 3283 261 3334 lerneus
278 3288 423 3350 gubernabit.
457 3288 577 3348 Habesne,
595 3288 714 3353 quomodo
733 3287 789 3334 huic
810 3287 895 3334 fabulae
915 3284 986 3332 fidem
1006 3282 1151 3331 sdbibesnt?
1184 3281 1272 3330 Geso·

171 3365 250 3414 Nullo
261 3369 339 3430 modo,
349 3385 398 3434 qno
409 3377 482 3433 paeto
494 3370 530 3418 isti
541 3388 548 3418 ε
565 3386 613 3435 quo
625 3379 703 3418 sutem
716 3369 786 3416 ruodo
799 3367 894 3415 istorum
904 3365 946 3413 lilii
955 3381 982 3414 ac
991 3363 1074 3427 reliqui
1084 3361 1178 3426 posteri,
1187 3363 1271 3412 habeo.

172 3447 215 3497 80.
232 3447 269 3496 At
278 3449 323 3498 boc
334 3450 396 3497 bene
407 3465 432 3497 se
445 3451 542 3500 haberet
553 3450 706 3522 sdanorem
719 3465 797 3498 curum
809 3447 845 3496 sui
856 3456 881 3494 et
891 3445 993 3496 civitatis
1013 3444 1154 3492 babendum.
1187 3442 1273 3492 Geso.

170 3527 263 3586 Ferme,
280 3531 345 3593 qnod
365 3529 436 3588 dicis,
455 3531 584 3595 intelligoL
608 3531 650 3581 So.
668 3529 701 3578 Et
718 3531 763 3578 boc
783 3529 878 3592 quidem
897 3527 952 3574 illuc
972 3525 1054 3572 tendet
1061 3542 1070 3585 ;
1087 3539 1134 3588 quo
1154 3523 1273 3571 oraculum

171 3611 293 3672 peducet.
326 3609 379 3658 Nos
389 3619 468 3660 sutem
482 3613 524 3660 bos
537 3621 596 3660 terra
607 3611 700 3676 genitos
712 3618 836 3666 armantes,
847 3608 988 3656 ducentibus
1000 3605 1145 3670 principibus
1157 3603 1272 3667 produca-

171 3703 230 3740 uns.
242 3691 343 3754 proiecti
355 3699 433 3762 autqm
445 3692 569 3756 explorent
579 3711 589 3754 5
598 3692 693 3742 ubinam
706 3692 730 3740 in
741 3691 838 3740 civitate
848 3690 878 3738 eit
889 3689 1004 3752 optimum
1016 3695 1091 3736 cestre
1102 3699 1198 3748 ponere,
1210 3685 1274 3734 unde

169 3777 254 3828 etrus,
266 3770 309 3835 qni
320 3771 384 3820 intus
394 3780 458 3830 sunt,
469 3775 567 3822 nonime
577 3775 719 3834 cohibeant3
735 3774 755 3820 si
765 3772 818 3836 quis
828 3769 890 3819 nolit
907 3769 997 3832 legibus
1016 3767 1075 3831 ipsis
1094 3767 1254 3828 obtemperare
1265 3781 1271 3812 e

169 3856 195 3896 et
206 3867 256 3913 ens,
266 3852 307 3915 qui
319 3859 395 3910 extra,
405 3843 530 3917 repellsnss
541 3855 560 3903 si
573 3855 646 3904 bostis
657 3862 769 3918 tanquam
781 3853 851 3917 lupus
862 3851 891 3898 ud
913 3849 973 3896 ovile
993 3847 1126 3912 porrexerit.
1143 3861 1196 3894 cum
1216 3861 1272 3894 vero

167 3939 245 3979 castra
265 3933 397 3996 posuerint,
408 3941 433 3980 et
452 3935 537 3998 quibus
554 3943 649 4000 oportet
666 3935 854 3989 sacrificsreriot.
875 3929 1022 3978 tabernacula
1041 3935 1139 3976 strusnt.
1156 3927 1229 3984 sicne,
1241 3941 1272 3974 sn

165 4010 254 4060 aliter?
288 4013 376 4062 Gsau.
394 4015 434 4062 Sic
445 4023 516 4066 certe.
550 4016 592 4066 So.
610 4015 674 4064 Num
687 4013 830 4078 hujusmodi,
842 4010 920 4076 qualia
932 4017 1013 4058 contra
1031 4007 1119 4056 hiemes
1138 4015 1162 4054 ct
1181 4006 1271 4055 cslorss

164 4093 306 4142 sufficiunt?
340 4095 429 4143 Gcsu.
447 4095 559 4152 Quidni?
577 4095 734 4144 habitationes
745 4094 807 4142 enim
819 4093 896 4140 dicere
909 4089 964 4138 milri
978 4087 1071 4138 videris.
1106 4087 1149 4134 So.
1166 4086 1204 4134 Sic
1222 4086 1270 4141 sio.

161 4174 207 4222 sed
220 4175 342 4233 militares,
353 4191 404 4224 non
414 4176 539 4239 opulentas
549 4185 574 4226 et
585 4176 741 4226 mercstorias.
760 4175 834 4238 [tto]
853 4173 940 4222 Gssu.
957 4171 1012 4228 Quo
1024 4169 1117 4218 differre
1129 4167 1210 4214 usseris
1224 4167 1270 4214 lmc

163 4255 267 4304 abillo?
294 4256 338 4305 So.
355 4256 467 4304 Consbor
476 4258 586 4321 equidem
598 4259 725 4308 declararc.
759 4255 924 4304 Gravissimum
938 4252 1027 4318 quippe
1036 4250 1141 4300 omnium
1150 4257 1176 4298 et
1185 4247 1270 4310 turpis·

160 4336 250 4384 muso
273 4337 407 4401 pastoribus
428 4346 498 4396 esset,
515 4339 535 4386 si
557 4355 598 4388 eos
619 4349 690 4403 utque
711 4339 744 4386 itu
763 4352 832 4385 canes
855 4336 930 4400 gregis
951 4334 1061 4384 custodes
1083 4331 1174 4380 iuturus
1195 4327 1271 4374 nutri·

69 4417 70 4420 Ἴ
159 4425 226 4472 ¹2²2·
238 4425 265 4466 ut
274 4433 303 4466 es
314 4417 499 4481 intemperentia
509 4426 551 4467 sut
560 4435 589 4467 ex
600 4418 663 4468 lame
673 4425 714 4466 sut
725 4434 753 4466 ex
771 4416 850 4481 uliqus
867 4415 913 4464 clia
931 4414 991 4464 mals
1008 4410 1179 4462 consuetudine
1197 4421 1269 4455 canes

69 4541 70 4552 r
158 4498 207 4564 ῖμὶ
221 4498 390 4565 tunduntur
402 4499 511 4564 pecuaris
521 4499 616 4566 tudere,
627 4508 652 4550 ct
664 4515 705 4564 pro
715 4497 814 4550 canibus
825 4497 910 4548 similes
929 4494 991 4560 lupis
1010 4491 1147 4542 eliciuntur.
1180 4486 1269 4537 Gssu.
