3182 5300
363 519 425 580 teo
752 512 947 576 uuisioni
970 517 1038 578 vii.
1382 521 1459 598 [ate

366 657 469 704 bumana
482 653 597 704 iscnltste
619 654 774 702 contendens.
789 655 943 716 quemobrem
960 654 1102 718 permultum
1121 656 1198 712 abeat,
1216 662 1242 703 ut
1253 655 1288 702 vir
1298 655 1462 704 studiesosde

365 735 411 792 bis,
429 751 481 798 qum
501 748 583 784 revere
600 735 673 798 dig-na
691 743 749 782 sunt
766 733 853 792 studio,
875 734 980 782 scribens
996 734 1137 790 hominibus,
1156 751 1183 784 se
1194 735 1266 783 simul
1275 744 1301 782 et
1310 750 1353 782 sca
1362 733 1463 783 invidia

365 813 559 880 ambiguitatique
578 814 695 878 subjicere
716 814 810 864 debent.
826 829 874 862 uno
893 829 948 862 vero
968 829 999 862 ex
1017 813 1054 861 liis
1071 831 1179 863 sermone
1196 815 1223 864 id
1242 815 1373 878 intelligere
1388 816 1462 863 lieet:

364 897 461 958 quando
477 895 590 942 videlicet
606 895 667 956 quis,
684 893 785 958 alicujus
800 893 887 956 scn'pta
904 909 1012 950 cernens,
1031 893 1081 942 sire
1097 893 1292 956 legumlatorisin
1304 895 1398 958 legibus
1407 895 1461 943 sive

363 974 388 1022 in
407 975 550 1037 quibuslibet
569 975 623 1021 aliis
642 974 749 1029 alioruin.
766 974 937 1022 aniruedvertet
951 974 993 1022 illa
1002 990 1050 1020 non
1061 989 1112 1022 esse
1122 973 1159 1022 illi
1171 983 1283 1038 tanquam
1293 975 1390 1023 omnino
1398 975 1463 1022 seria

362 1053 535 1110 studiosissime
553 1061 693 1117 pertrectato
702 1072 707 1098 :
728 1053 850 1116 siquidem
862 1055 892 1100 sit
902 1054 954 1117 ipee
964 1054 1097 1102 studiosus:
1112 1053 1197 1118 jacent
1206 1063 1286 1103 autem
1296 1055 1358 1102 inter
1368 1070 1422 1110 sua.
1433 1055 1462 1102 ia

362 1135 459 1197 regione
477 1133 643 1198 pulcherrima.
660 1135 696 1182 sin
715 1143 796 1181 eutem
817 1149 896 1182 rerem
914 1133 962 1196 ipsi
979 1135 1031 1181 hec
1049 1141 1164 1196 tanquam
1180 1135 1241 1185 serie
1257 1135 1362 1184 studiose
1373 1135 1462 1182 litteris

362 1214 450 1262 tradita
468 1223 532 1270 sunt,
551 1214 596 1262 Dii
615 1213 710 1276 quidem
732 1213 835 1268 minime,
855 1212 899 1272 sed
909 1213 1015 1260 homines
1027 1221 1129 1262 mentem
1141 1215 1288 1277 eripuerunt.
1304 1216 1365 1264 hanc
1375 1215 1460 1278 ntique

363 1292 468 1342 tabulam
485 1294 700 1358 digressionemque
721 1293 855 1355 quicunque
873 1301 990 1354 sequetur,
1008 1293 1079 1354 plene
1101 1293 1227 1356 intelliget,
1250 1294 1299 1341 sive
1322 1293 1462 1359 Dionysius

363 1373 455 1436 aliquid
464 1373 495 1422 de
505 1374 601 1422 summis
607 1383 633 1421 et
639 1373 720 1436 primis
731 1381 819 1420 nature
830 1372 956 1435 scripserit,
963 1372 1014 1420 sire
1023 1373 1099 1435 quivis
1107 1373 1178 1430 alitis.
1187 1381 1228 1422 not
1235 1375 1312 1422 minor
1320 1384 1361 1422 aut
1368 1373 1458 1437 major,

362 1454 423 1504 nihil
433 1470 487 1503 eum
498 1455 615 1504 sincerum
627 1453 747 1502 audivisse
757 1453 795 1500 vel
807 1451 918 1500 didicisse
932 1468 1024 1514 eorum,
1034 1467 1086 1516 quoe
1096 1454 1199 1518 scripsit,
1212 1462 1238 1502 ut
1249 1455 1460 1517 meniertapinio.

363 1536 469 1598 alioquin
490 1536 577 1600 pariter
593 1543 664 1597 etque
683 1549 729 1596 ego
745 1533 797 1595 ipen
816 1540 942 1580 veneratos
961 1533 1059 1580 fuisset:
1076 1547 1156 1596 neque
1173 1550 1243 1582 nosue
1260 1535 1342 1584 fuisset
1352 1551 1459 1598 unquam

361 1621 452 1664 temero
467 1615 561 1664 edendo
571 1614 711 1668 aberuditati
722 1611 910 1675 indecentiaeque
922 1611 1045 1676 erbjicere.
1061 1627 1140 1676 neque
1157 1629 1213 1662 vero
1224 1615 1293 1676 qnasi
1303 1616 1327 1664 in
1338 1616 1457 1664 memoriae

362 1693 492 1742 subsidium
510 1694 551 1742 ille
565 1694 668 1758 scripsit.
683 1709 733 1742 non
751 1693 816 1740 enim
836 1694 880 1742 hac
897 1693 922 1740 in
941 1709 967 1740 re
986 1694 1105 1742 memorie
1119 1693 1286 1751 diffidendum,
1302 1697 1323 1744 si
1337 1695 1364 1744 id
1381 1697 1458 1744 cernel

362 1774 443 1826 animo
463 1775 534 1824 fuerit
551 1774 752 1838 comprehensum.
768 1788 824 1820 nam
844 1773 870 1820 id
889 1781 963 1822 totum
981 1773 1118 1822 brevissime
1136 1775 1241 1822 omnium
1263 1784 1300 1824 est
1319 1775 1459 1824 collectim.

361 1853 422 1902 forte
438 1869 495 1902 vero
515 1855 576 1918 turpi
596 1853 697 1918 quedem
716 1853 845 1902 ambitione
863 1853 890 1900 id
900 1853 967 1910 iecit,
988 1855 1028 1902 vel
1047 1863 1157 1916 tanquam
1173 1870 1217 1902 soa
1230 1857 1280 1904 bec
1291 1871 1407 1912 aurens,
1417 1857 1458 1904 vel

361 1941 473 1996 tanquam
484 1934 604 1998 perticepe
614 1933 755 1998 discipline,
766 1949 814 1997 qua
821 1933 933 1997 indignus
944 1942 1003 1990 eret,
1013 1949 1119 1998 querens
1129 1935 1227 1998 glorian
1235 1951 1267 1984 ex
1275 1937 1458 2000 participatione

361 2014 494 2079 quesitam.
511 2014 585 2080 [845]
603 2029 682 2064 verum
702 2015 723 2062 si
742 2030 774 2062 ex
792 2029 838 2064 uns
858 2015 979 2062 dummet
995 2015 1161 2077 congreeeione
1177 2015 1204 2086 id
1215 2015 1334 2082 Dionysio
1344 2017 1457 2082 contigit,

361 2099 426 2143 esset
434 2095 461 2142 id
471 2095 548 2154 forsan
559 2095 746 2144 concedendum.
764 2093 841 2156 qualis
849 2101 928 2142 cutem
939 2094 1001 2142 fuiti
1021 2095 1079 2158 proh
1095 2093 1216 2158 iuppiter,
1227 2096 1306 2160 inquit
1319 2097 1457 2146 Thebcnne.

361 2175 466 2238 percurri
483 2175 593 2238 equidem
610 2175 660 2223 hec
681 2175 726 2230 illi.
746 2189 783 2230 co,
804 2189 852 2236 quo
872 2173 928 2230 dixi,
944 2173 1024 2229 modo,
1045 2174 1165 2238 semelque
1177 2182 1283 2224 numm:
1302 2185 1384 2240 poster
1395 2192 1454 2226 vero

359 2268 490 2318 nunquam.
505 2262 560 2318 post
578 2256 629 2304 hec
646 2261 728 2302 autem
745 2252 942 2302 considerandum
959 2261 1003 2310 est,
1014 2253 1085 2301 sicui
1093 2270 1150 2302 cure
1158 2255 1191 2302 sit
1201 2256 1303 2305 invenire
1314 2255 1453 2320 ejomquod

360 2335 430 2383 nobie
440 2336 502 2384 circe
513 2336 551 2384 ilie
560 2335 656 2392 accidit,
667 2348 761 2384 causam
772 2350 778 2380 :
795 2349 838 2382 cur
845 2333 959 2380 videlicet
967 2341 992 2380 et
1000 2333 1104 2382 secundo
1114 2342 1140 2382 et
1148 2334 1222 2390 tertio,
1233 2343 1257 2382 et
1266 2337 1353 2398 sepios
1363 2351 1452 2384 anon

360 2414 571 2478 pertractavimus:
590 2422 666 2462 utrum
686 2413 825 2478 Dionysius.
843 2412 901 2477 ipsis
916 2414 989 2462 semel
1000 2413 1124 2462 dumtunt
1132 2413 1224 2471 cuditis,
1235 2416 1295 2464 odeo
1306 2417 1454 2466 sufficienter

360 2508 390 2552 ea
399 2509 425 2542 se
436 2495 496 2546 seire
506 2495 632 2558 putaverit,
643 2493 729 2542 satim
740 2493 810 2550 norit,
821 2493 871 2542 eive
882 2493 1001 2544 invenerit
1011 2493 1063 2558 ipse
1072 2495 1123 2544 sive
1134 2497 1164 2543 ab
1181 2496 1235 2544 aliis
1252 2503 1310 2542 ante
1326 2495 1439 2546 didicerit
1448 2515 1456 2546 r

361 2588 392 2630 an
410 2575 512 2642 fiirolek
522 2590 575 2637 quie
592 2573 741 2631 dicebantur,
760 2573 917 2622 existimarit:
936 2589 966 2622 an
983 2574 1043 2624 forte
1063 2583 1146 2638 preter
1163 2577 1214 2624 hec
1230 2577 1328 2625 tertium
1337 2577 1455 2640 quiddam

359 2653 480 2711 acciderit,
499 2653 613 2702 videlicet
633 2661 660 2700 ut
678 2653 733 2716 ipsa
750 2652 813 2701 houd
829 2653 879 2702 suis
896 2655 999 2718 equnlia
1016 2656 1112 2720 viribus,
1124 2655 1167 2704 sed
1176 2655 1273 2719 majora,
1284 2658 1455 2712 concomitata

356 2747 440 2790 severa
450 2749 477 2782 se
487 2733 584 2782 minium
594 2733 706 2782 idoneum
717 2748 778 2798 ense,
786 2731 828 2796 qui
836 2733 881 2782 sub
890 2735 1025 2798 prudentie
1035 2736 1174 2798 virtutisque
1190 2735 1314 2800 diligentia
1327 2737 1408 2784 rint?
1426 2737 1455 2784 ei

358 2814 423 2861 enim
439 2813 523 2862 irivols
543 2812 689 2862 existimasse
705 2813 805 2870 dimon,
823 2814 904 2862 multis
924 2823 987 2862 certe
1002 2816 1105 2864 testibus
1123 2829 1167 2878 pro
1183 2831 1256 2864 cansa
1273 2825 1352 2866 noema
1367 2827 1456 2868 contre

357 2892 509 2956 pugnabitur.
527 2893 569 2956 qui
587 2893 612 2940 in
629 2894 699 2942 rebus
715 2893 834 2956 ejusmodi
852 2893 989 2956 judicandis
1006 2896 1078 2958 longe
1098 2895 1215 2960 majorem
1230 2912 1299 2959 quam
1320 2897 1458 2964 Dionysius

318 2975 322 2982 '
357 2973 520 3030 aucwritatsm
538 2973 648 3022 babeant.
666 2974 729 3036 qood
748 2974 769 3022 si
785 2973 906 3022 invenisse
925 2975 963 3022 rel
982 2973 1104 3038 didicisse,
1124 2983 1195 3038 sique
1208 2977 1260 3040 ipsa
1270 2977 1460 3043 qiidmdtgu

357 3051 441 3124 videm
461 3067 516 3116 qne
533 3054 625 3110 libenli
638 3053 716 3102 enimo
725 3054 751 3101 in
762 3053 911 3116 disciplinam
921 3055 1092 3104 adhibeantur:
1111 3056 1167 3119 quis
1176 3072 1226 3104 non
1237 3057 1260 3104 id
1272 3058 1358 3105 mirum
1368 3067 1459 3122 potet,

358 3131 503 3199 Dionysium
514 3135 549 3184 sic
557 3133 668 3184 mmmm
679 3135 764 3182 boroni
773 3133 901 3196 aliquando
912 3135 998 3184 docem
1017 3143 1043 3184 et
1055 3131 1176 3186 auctorem
1186 3143 1233 3184 tam
1244 3138 1312 3186 facile
1322 3147 1461 3204 contemp.

356 3216 433 3264 aises?
450 3231 497 3278 quo
513 3223 593 3264 autem
611 3223 681 3279 pacto
700 3215 876 3278 contempserit,
890 3215 939 3279 jem
957 3213 1043 3265 dicem.
1060 3215 1167 3280 proiecto
1182 3233 1232 3265 non
1252 3217 1324 3266 multo
1335 3220 1461 3282 posthoc

357 3303 463 3360 tempore
483 3295 647 3359 patrimonium
670 3295 764 3351 Dionis,
781 3295 845 3358 quod
863 3295 929 3358 prius
947 3311 1003 3344 eom
1018 3297 1090 3346 libers
1109 3295 1232 3359 possidere
1242 3297 1379 3361 honosque
1390 3299 1461 3350 inde

354 3377 478 3440 percipere
486 3375 647 3440 permittebat,
653 3375 704 3439 jem
712 3375 789 3424 vetuit
794 3375 891 3425 omnino
899 3391 941 3439 per
949 3376 1000 3440 ejus
1006 3385 1171 3440 procuratores
1177 3377 1270 3442 attingi,
1277 3379 1464 3446 pecuniasque,

355 3463 571 3512 atmoaueverant,
586 3455 617 3504 ed
631 3455 708 3518 ipsum
726 3454 752 3504 in
771 3454 965 3519 Peloponnemnn
983 3457 1131 3519 numquid
1147 3457 1255 3521 epistole
1273 3459 1339 3507 illins
1354 3475 1467 3523 prorem

355 3536 450 3593 oblitus.
462 3551 537 3599 quem,
551 3535 608 3584 mihi
625 3535 761 3599 scripserat.
778 3535 895 3584 rescrebat
911 3537 974 3584 enim
984 3552 1023 3586 res
1032 3537 1088 3584 illes
1099 3551 1147 3586 non
1168 3537 1255 3588 Dionis
1261 3553 1322 3596 esse.
1332 3541 1382 3588 sed
1395 3541 1466 3592 filii:

355 3617 397 3680 qui
408 3632 462 3666 cum
473 3623 538 3664 esset
546 3629 579 3664 ex
588 3629 666 3666 sorore
677 3617 761 3680 nepos,
772 3631 826 3664 enm
838 3631 870 3664 cx
880 3616 933 3679 lege
943 3615 987 3665 sub
999 3617 1074 3666 tutela
1083 3617 1227 3681 ipsiusesee.
1236 3619 1466 3686 hacigituruque

354 3695 386 3746 ad
394 3696 453 3744 illud
464 3704 566 3758 ,tenipus
575 3703 629 3744 ncta
645 3695 748 3744 inerunt.
763 3711 817 3760 quse
827 3711 872 3760 ego
882 3695 1041 3754 considerans,
1049 3697 1100 3761 jam
1116 3699 1186 3760 plene
1197 3699 1389 3760 perspiciebant,
1409 3720 1467 3768 qne

352 3785 424 3840 pacto
441 3791 497 3840 erge
513 3774 687 3839 philosophiam
705 3775 835 3840 Dionysius
853 3776 938 3826 fuisset
956 3776 1071 3826 effectus:
1088 3778 1269 3842 conturbarique
1285 3780 1387 3832 licebat
1405 3785 1467 3836 nire
1571 3815 1572 3828 2

350 3865 438 3918 sponte
455 3855 505 3904 sive
515 3856 597 3904 invite.
612 3863 661 3906 erat
672 3856 721 3920 jem
740 3865 797 3906 tone
809 3864 886 3919 estas,
895 3867 921 3906 et
929 3858 1065 3920 frequenter
1075 3858 1246 3921 navigehaturr
1269 3859 1469 3931 videbaturque
1571 3883 1572 3924 3

351 3935 411 3985 rnihi
428 3950 475 3984 non
491 3943 539 3986 tam
555 3935 587 3984 de
607 3935 727 4002 Dionysio
744 3951 816 4000 qoam
833 3937 863 3985 de
882 3953 919 3986 me
936 3939 988 4001 ipso
1001 3937 1202 4002 conquerendum,
1213 3940 1280 3988 etde
1291 3941 1340 3996 his,
1353 3947 1409 4008 qui
1422 3963 1470 3998 m
1571 3931 1572 3956 l

349 4013 505 4078 impulerant.
514 4025 541 4064 ut
549 4016 575 4064 in
584 4024 659 4066 artum
671 4017 757 4082 Scyllae
766 4018 838 4066 tertio
848 4017 993 4074 devenirem,
1004 4018 1197 4084 Charybdinque
1208 4021 1332 4070 remetirer
1338 4031 1470 4087 pernici.

349 4108 424 4146 osam.
439 4097 574 4158 compulsus
590 4097 671 4160 itaque
690 4112 742 4144 snm
756 4095 878 4161 Dionysio
892 4095 980 4154 dicere.
999 4113 1047 4146 non
1066 4111 1136 4162 poree
1148 4115 1186 4148 me
1197 4099 1328 4150 ullomodo
1342 4109 1426 4170 apud

347 4175 409 4232 iore,
428 4173 514 4223 Dione
528 4183 574 4224 tem
590 4177 748 4240 ignominiose
767 4185 913 4241 contempto.
930 4187 955 4227 at
971 4177 1012 4226 ille
1022 4193 1062 4228 me
1072 4179 1427 4249 consolebanrr,rogebatqu0
1440 4201 1474 4240 ue

348 4269 477 4318 manerem,
494 4269 543 4304 non
562 4265 648 4320 putans
666 4258 711 4306 sibi
733 4258 867 4315 honestum,
887 4266 914 4306 ut
931 4259 1037 4322 egoipse
1049 4267 1097 4306 tsm
1107 4260 1156 4308 cito
1166 4261 1311 4310 horumne
1323 4263 1471 4320 seem

347 4338 446 4389 nuntius
463 4337 529 4387 irem.
547 4335 621 4401 [tto]
639 4352 691 4384 cum
711 4353 766 4386 vero
787 4338 844 4387 mihi
853 4341 995 4388 manendum
1006 4341 1147 4404 persusdere
1155 4355 1204 4388 non
1213 4347 1307 4405 posset,
1317 4341 1389 4408 ipa
1401 4351 1474 4402 mihi

346 4431 373 4466 se
392 4425 528 4482 paruum
545 4417 588 4473 ait,
607 4417 648 4479 qni
666 4424 692 4464 et
707 4433 755 4480 quo
772 4427 841 4482 pacto
858 4436 895 4468 me
913 4420 1040 4470 deferrent.
1057 4435 1103 4484 ego
1120 4427 1199 4468 autem
1215 4421 1240 4469 in
1260 4427 1476 4484 transmissori&

344 4497 445 4563 estigiis
453 4497 557 4564 trajicere
564 4497 740 4554 comntuenm,
747 4500 884 4548 omnieeese
892 4500 1033 4566 perierem
1040 4501 1167 4562 drosos,si
1175 4502 1240 4552 abire
1247 4518 1285 4552 me
1292 4509 1476 4574 prohiberet,
