3110 5320
123 527 195 604 538]
332 606 338 614 ι
451 523 507 584 DE
529 521 759 582 REPUBLICA
781 523 855 582 LlB.
877 523 947 585 Vll.
1171 527 1228 587 193

121 683 233 730 doeemur
244 689 318 746 etque
329 680 471 736 erudiemus,
481 686 507 727 et
516 678 560 729 Jus
570 678 649 743 ipsum
658 671 832 726 nobis'ntiuinre
840 675 997 741 succensebit,
1008 683 1033 728 et
1048 679 1167 730 oiritstenr
1176 691 1225 732 tem

122 762 289 826 pubiiunusqne
308 762 458 810 muntium.
476 761 512 808 sin
531 760 600 808 nliter
617 758 716 808 effectos
733 759 840 808 nomines
856 760 887 807 nd
909 760 953 808 iste
971 755 1093 820 ducemur,
1111 765 1227 812 contrusis

120 842 233 892 onerum
244 843 333 900 omnin,
344 851 369 891 et
380 842 552 906 philosophiam
564 840 637 888 multo
648 841 719 888 etiern
733 840 806 904 magis
817 840 1019 891 dedecorabimus.
1044 843 1130 893 Guru.
1142 843 1223 907 Turpe

122 923 217 987 quidem
233 925 259 972 id
269 932 341 974 esset.
375 924 418 972 So.
435 923 523 970 Mirum
541 922 566 970 in
579 921 682 969 modum.
699 929 803 970 ceterum
815 922 922 969 nonnihil
936 923 991 970 rnilri
1005 923 1029 971 iu
1041 925 1221 988 pronuntierisn

124 1006 220 1068 dignum
231 1005 361 1068 contigisse
379 1004 478 1052 videtur.
511 1002 598 1052 Gneo.
615 1003 680 1060 Quid
697 1003 777 1050 istud?
809 1003 853 1050 So.
870 999 951 1051 Letoit
969 1019 1005 1052 rue
1024 999 1141 1062 nimirum,
1158 1009 1223 1068 quod

120 1088 274 1152 joccbnmurr
294 1086 453 1151 querelosius
463 1086 500 1148 egi
521 1099 591 1148 quern
611 1085 714 1132 deceret.
732 1083 822 1148 quippo
838 1084 900 1132 inter
917 1084 1060 1147 loquendum
1077 1087 1108 1133 nd
1120 1087 1224 1150 philoso-

123 1167 201 1231 pnism
212 1168 289 1230 ipsum
306 1181 432 1216 cousensus
442 1179 493 1215 enm
505 1167 621 1215 dedecore
638 1165 747 1214 effectum
759 1159 855 1228 'nuperi
872 1165 936 1229 quud
947 1171 972 1214 et
982 1166 1082 1228 graviter
1101 1181 1224 1230 perpessus

122 1247 301 1303 luissesideur.
312 1255 338 1295 et
352 1246 397 1304 bis,
408 1247 450 1310 qui
461 1247 485 1293 iu
496 1246 569 1309 culpe
585 1253 649 1302 sunt,
667 1253 777 1309 tunquam
794 1246 930 1310 indignetur
943 1247 1049 1296 'userius
1067 1248 1117 1296 bruc
1128 1247 1224 1296 dirime.

125 1327 209 1378 Gonu.
226 1327 285 1376 Non
303 1343 345 1390 per
362 1325 457 1380 Jorern,
475 1332 502 1372 ut
521 1324 578 1373 mihi
597 1324 704 1374 audienti
725 1326 825 1376 videtur.
858 1327 901 1374 Su.
919 1326 983 1375 ldilri
1002 1336 1080 1376 tnuren
1091 1329 1180 1377 dicenti
1191 1329 1225 1378 sic

126 1415 231 1471 rppsret.
264 1407 320 1456 linc
329 1415 407 1454 entem
419 1421 450 1454 ne
460 1420 504 1452 nos
515 1405 601 1468 lugiet,
611 1405 676 1469 qood
688 1404 712 1452 in
725 1405 796 1468 priori
807 1405 924 1455 electione
933 1423 1001 1456 senes
1011 1407 1132 1473 elegimus,
1144 1411 1169 1457 in
1180 1411 1225 1458 lrsc
1309 1393 1319 1410 ’

125 1503 178 1536 sero
189 1501 339 1552 nequequam
351 1487 439 1536 licebit.
473 1485 559 1550 Neque
570 1486 654 1534 Soloni
665 1487 808 1555 eredendum
820 1487 979 1536 estbominem
987 1499 1147 1538 senescentem
1153 1503 1224 1554 posse

124 1569 148 1616 in
158 1569 208 1618 dies
218 1569 320 1632 plurime
330 1569 435 1616 discere:
454 1568 495 1631 qui
506 1567 583 1614 minus
595 1567 620 1614 id
632 1575 711 1630 potest
726 1581 797 1629 quoru
809 1581 908 1615 currere.
922 1566 1051 1630 juvenibus
1062 1563 1124 1618 euim
1136 1585 1224 1620 conve·

125 1649 192 1696 nlnnt
209 1649 278 1696 multi
298 1649 439 1712 menimiqoe
457 1648 556 1696 leboree.
591 1646 678 1696 Gtsu.
696 1646 801 1696 Necesse
818 1653 862 1695 est.
894 1649 937 1700 So.
955 1649 1000 1698 Ille
1019 1643 1169 1714 igitur‚'qum
1192 1653 1223 1699 nd

126 1729 302 1782 dritbmetiosm
314 1729 339 1776 el
349 1729 510 1778 Geometrism
529 1743 669 1791 omnemque
680 1727 837 1776 eruditionem
848 1743 899 1776 estu
913 1727 1038 1792 pertinent,
1047 1745 1101 1795 quur
1116 1730 1225 1780 disiecti·

125 1825 175 1860 unm
186 1811 327 1860 nntoeedere
337 1809 417 1865 debut,
430 1809 510 1872 pueris
520 1806 634 1864 tredendo
645 1815 700 1856 sunt
712 1825 718 1854 ι
737 1815 808 1870 etque
826 1808 847 1856 is
858 1809 961 1858 docendi
969 1807 1061 1860 ¹modus
1071 1805 1224 1876 recipiendos

125 1901 167 1948 est,
181 1907 230 1956 qno
251 1891 349 1939 minime
367 1891 445 1939 concii
463 1891 494 1938 sd
514 1890 653 1940 discendum
673 1888 873 1937 enevidemron
900 1887 987 1939 Gonu}
1005 1890 1146 1941 Coristud?
1180 1894 1223 1947 So.

126 1972 244 2028 Quoniem
255 1987 304 2020 non
316 1973 387 2020 decet
402 1972 499 2020 liberum
516 1971 636 2018 huminem
653 1961 706 2018 eum
719 1970 833 2018 seruitute
852 1970 1000 2034 disciplinesu
1011 1973 1113 2036 aliquem
1125 1973 1224 2024 discere.

119 2053 213 2118 „qnippe
221 2053 331 2116 ingentes
341 2052 434 2100 labores
442 2052 547 2114 corporis
556 2051 580 2098 ri
590 2050 694 2113 suseepti
713 2049 787 2098 nihilo
804 2050 906 2098 deterius
923 2067 1008 2116 corpus
1018 2053 1142 2101 obicionis
1158 2053 1224 2102 nulle

124 2149 175 2184 sero
184 2135 270 2184 nn'm
289 2133 393 2192 violente
403 2141 440 2184 est
450 2133 540 2182 stabilis
549 2132 686 2196 discipline.
720 2131 807 2181 Genu.
826 2132 884 2180 Vere
898 2134 1008 2198 loqueris.
1040 2135 1084 2184 So·
1100 2135 1162 2198 Ergo
1173 2151 1222 2184 non

124 2225 232 2279 unquam
252 2224 348 2264 mos
367 2229 451 2278 pueros
467 2215 492 2262 in
510 2213 649 2278 disciplinis,
668 2211 742 2278 [obi]
761 2229 776 2261 o
796 2213 830 2260 sir
849 2214 948 2278 optime,
968 2217 1010 2264 sed
1030 2215 1096 2280 qussi
1115 2216 1223 2264 ludentes

124 2299 239 2346 nussim
257 2303 321 2344 utet
331 2295 414 2359 iungis,
424 2297 456 2343 nd
466 2296 531 2360 quod
542 2295 642 2359 quisque
654 2303 735 2342 neturn
748 2294 780 2342 sit
790 2296 959 2358 uptus,possis
971 2311 1105 2360 ugnoscere.
1133 2295 1224 2350 Gonu.

125 2377 314 2426 Gummneuru
324 2383 369 2432 est,
378 2377 442 2442 quud
453 2376 522 2425 dieis.
557 2376 601 2424 So.
619 2376 658 2424 An
669 2391 717 2424 non
727 2365 854 2424 recorduiis
864 2391 880 2422 s
891 2375 958 2424 nobis
970 2377 993 2425 in
1004 2377 1161 2440 superioribus
1172 2377 1224 2425 dic-

126 2465 185 2518 tum,
195 2473 280 2521 pueros
289 2457 418 2521 esse-equis
434 2458 557 2521 speutendl
576 2459 652 2520 gretie
661 2458 688 2504 iu
708 2464 783 2505 cestro
796 2457 934 2505 duceudos:
951 2465 985 2514 et,
1002 2457 1020 2504 si
1033 2465 1085 2504 toto
1096 2459 1120 2506 id
1139 2459 1224 2507 nunti

115 2538 210 2602 ponit,
221 2539 325 2602 proprios
340 2539 511 2602 edmoreudos,
528 2546 554 2586 ut
569 2539 700 2588 cstulosum
716 2538 790 2586 instes
806 2537 946 2602 sunguinem
958 2532 1224 2602 incipieotde'gostnrs?

127 2617 215 2669 (iun.
231 2618 352 2669 Recordor
373 2619 492 2684 e'qnldem.
525 2620 568 2669 So.
593 2620 738 2683 Quicunque
764 2634 819 2667 vero
840 2620 870 2668 ed
892 2621 935 2668 lros
956 2608 1057 2674 lnbnres}
1078 2619 1225 2683 discipliuss,

128 2701 238 2764 periculo,
250 2701 568 2765 promptioresucrioresquu
585 2709 709 2764 epperent,
729 2701 753 2748 in
771 2715 893 2750 numerum
910 2701 1012 2765 eliquem
1029 2700 1144 2764 seligendi
1160 2709 1224 2750 sunt.

120 2773 209 2832 fluo.
227 2782 283 2840 Qua
298 2782 325 2830 in
346 2783 435 2830 ntute?
467 2781 510 2831 So.
527 2781 633 2840 Qusndo
653 2781 827 2830 [necesariis
848 2783 949 2846 negotiis
969 2765 1224 2845 enercltntiouibosqno

125 2862 191 2912 soloti
201 2872 267 2912 sont.
283 2863 365 2912 irs-boe
376 2863 491 2926 siquidem
504 2871 618 2926 tempure,
630 2861 680 2910 sive
691 2861 811 2911 biennium
822 2859 854 2912 rit'
865 2877 906 2912 seu
925 2862 1060 2918 trienninm,
1071 2861 1147 2910 iecere
1158 2862 1223 2910 eliud

125 2952 249 3006 nequeunt.
267 2944 334 2992 lsbor
344 2943 406 2992 eninr
417 2958 445 2992 nc
462 2957 557 2992 somnus
568 2943 701 3008 disciplinis
712 2944 804 2992 noveni
820 2951 885 2993 sunt.
902 2953 928 2992 ot
941 2944 1010 2992 simul
1020 2945 1071 2992 hmo
1081 2942 1223 2991 exnminntio

124 3023 216 3072 eliseum
226 3041 276 3074 non
288 3025 384 3074 minime
393 3039 445 3074 esse
457 3025 557 3081 ridetur,
569 3026 646 3090 quelis
657 3025 769 3074 videlicet
787 3025 889 3090 quisque
901 3026 926 3073 in
938 3025 1067 3090 gymnnriir
1079 3025 1136 3088 ipsis
1147 3039 1222 3089 uppe-

125 3105 189 3156 rrln't.
220 3106 309 3156 Gnsu.
325 3105 434 3164 Quidni?
467 3107 511 3155 So.
528 3106 589 3154 Post
598 3106 623 3154 id
635 3113 728 3172 tempus
740 3107 876 3170 quicunque
886 3121 916 3154 es
927 3104 1010 3168 viginti
1021 3105 1089 3152 suuis
1101 3113 1127 3152 nt
1138 3104 1222 3154 ceteris

127 3187 296 3248 prutnutiotns
313 3186 384 3236 electi
402 3187 489 3234 luerint
507 3185 632 3250 majoribus
650 3200 720 3250 qoem
737 3188 810 3236 ceteri
825 3185 958 3234 efficientur
973 3185 1115 3234 buuo'ribus:
1134 3193 1159 3232 et
1169 3197 1223 3247 quse

125 3267 258 3330 disciplina
266 3252 319 3316 dtis
329 3268 353 3316 io
365 3268 467 3332 possitis
477 3267 574 3331 spissius
585 3276 685 3314 ostense
696 3275 759 3323 sunt,
771 3281 818 3314 uns
825 3267 861 3315 bis
868 3265 951 3314 itemm
963 3265 1101 3325 offeruntur,
1109 3265 1138 3310 nd
1148 3263 1222 3325 ipsnm

122 3347 303 3410 dildplimmttt
320 3350 378 3398 inter
388 3365 414 3397 se
433 3349 598 3413 cognationem
613 3355 638 3396 et
652 3347 734 3410 ipsios,
744 3348 808 3410 qood
826 3362 880 3397 sere
894 3355 939 3402 est,
950 3351 1055 3393 notorem
1073 3341 1224 3406 conspicien-

121 3427 190 3475 dum
224 3427 309 3478 Gneo.
323 3429 377 3478 Sole
394 3432 445 3480 beo
463 3429 568 3494 cognitio
583 3429 765 3493 quibuscunque
784 3428 891 3483 truditur,
902 3425 993 3475 stnbills
1011 3433 1140 3488 permonet.
1175 3423 1219 3473 S'o.

123 3507 200 3573 Atqui
211 3520 237 3558 et
246 3511 291 3562 boc
299 3511 444 3576 experientis
461 3511 612 3576 cognoscitur
623 3510 732 3572 menime,
742 3510 783 3574 qui
802 3511 832 3557 sd
849 3508 998 3558 dialecticem
1010 3505 1099 3569 optirne
1112 3514 1221 3553 snutnrn

122 3595 158 3637 est
167 3589 298 3654 iustitutuq
308 3591 350 3655 qui
360 3607 417 3641 non.
434 3605 519 3656 nempe
531 3591 638 3656 quisquis
647 3592 678 3640 nd
689 3592 734 3640 boc
745 3591 932 3656 dignoscendum
943 3597 979 3636 est
988 3583 1120 3652 perspicuis.
1131 3585 1222 3637 dinlec·

124 3669 245 3720 ticnsest:
262 3673 372 3736 quivero
390 3675 470 3732 hebes.
487 3687 644 3738 neqosqonm.
679 3671 765 3730 Gonu.
782 3671 864 3721 Teneo
881 3671 1000 3734 equidem.
1033 3668 1075 3716 Su.
1091 3667 1139 3716 iliu
1151 3667 1222 3732 igitur
1291 3697 1296 3714 .

123 3751 287 3806 nniusuvcuis
296 3753 477 3816 opulentum,
486 3753 526 3818 qui
538 3754 645 3818 opprime
662 3754 721 3810 isles
731 3755 756 3802 in
767 3754 824 3818 ipsis
835 3747 989 3818 reperientur,
1001 3749 1096 3797 sunites
1108 3747 1133 3796 in
1145 3747 1220 3796 disci·

123 3832 346 3896 piton-esurientes
355 3834 381 3883 in
393 3834 465 3897 bello,
476 3835 501 3882 in
520 3834 573 3883 eliis
585 3835 694 3899 legitimis
704 3835 786 3884 officiis
799 3839 981 3898 perseverantes,
993 3839 1117 3894 postquem
1129 3821 1218 3893 trigesi-

124 3927 188 3960 muns
198 3913 307 3980 legerint,
318 3929 347 3963 ex
358 3911 440 3963 clectis
451 3913 587 3980 prneleotos
597 3915 622 3962 in
634 3915 762 3980 majoribus
772 3911 900 3962 honoribus
911 3913 1062 3973 constituere,
1073 3917 1097 3958 et
1109 3911 1161 3974 ipsu
1172 3908 1224 3958 dit·

124 3993 338 4046 mndiirrunltste
356 3995 484 4059 diligenter
498 3996 639 4053 esnmiuure,
656 3997 708 4060 quir
718 4011 797 4045 eorum
809 3995 883 4059 possit
894 3994 945 4042 eine
957 3991 1078 4061 oculorum
1089 3999 1113 4039 et
1124 3991 1222 4038 eliorum

94 4099 96 4102 ·
125 4087 234 4123 annum
245 4075 376 4127 ministerio
386 4077 417 4124 sd
428 4077 515 4142 iprum,
526 4078 590 4141 quod
600 4093 653 4126 vere
664 4077 763 4134 exsistit,
772 4081 827 4125 itum
843 4075 941 4124 ueritate
953 4073 1126 4123 ususcendere.
1137 4073 1163 4119 in
1173 4085 1223 4136 quo

124 4155 234 4218 mimo,
250 4157 435 4222 osmice‚opns
451 4166 488 4207 ert
505 4156 623 4207 erutione.
658 4153 881 4207 Gonu-Cornum?
913 4157 956 4204 Su.
974 4153 1031 4202 Nou
1048 4153 1225 4223 nuimndrertiq
1290 4203 1298 4216 ⁵

123 4244 237 4297 qusntnrn
247 4252 313 4286 nunc
323 4237 410 4286 melum
427 4239 491 4288 cison
508 4240 637 4288 disserendi
658 4239 764 4304 peritiem
781 4237 912 4288 inolescet?
948 4237 1036 4286 Gonu.
1053 4229 1131 4292 Qusle
1141 4233 1225 4282 istudl

106 4301 166 4367 'Seu
181 4316 313 4380 Iniquitste
325 4333 419 4383 prorsus
435 4321 566 4370 nboudnnt.
599 4320 685 4370 Gonu.
703 4315 864 4383 Summoperess
897 4319 947 4366 So:
958 4317 1045 4365 blisum
1058 4315 1148 4380 eliquid
1169 4327 1224 4378 per·

121 4396 245 4462 pertipso·
261 4399 391 4464 existimes,
409 4415 455 4450 neo
473 4401 595 4465 ignoscis?
629 4398 716 4450 Gonu.
732 4401 788 4459 Qun
805 4401 896 4448 retione
914 4398 1035 4447 menime?
1069 4397 1112 4444 so.
1129 4395 1154 4442 st
1174 4391 1228 4456 quit

85 4506 88 4514 ÷
122 4479 258 4542 suppositus
276 4481 428 4544 puermnltis
437 4483 464 4530 in
475 4482 567 4534 deliciis
577 4483 692 4532 nutrietur
701 4497 716 4530 n
726 4481 801 4530 nobili
812 4481 909 4536 inmitis,
927 4479 1001 4543 [obs]
1019 4473 1226 4526 intersdulstorot

122 4559 305 4623 conplurimos':
322 4561 420 4616 edeltns
439 4571 517 4614 sutem
537 4565 674 4630 permonet,
693 4565 757 4629 quud
780 4579 808 4613 ex
829 4564 872 4621 eis,
887 4577 946 4626 quos
964 4557 1077 4624 ‘petentes
1099 4553 1227 4606 existimet»

184 4641 253 4692 rto.
279 4643 321 4693 n.
703 4645 739 4695 11.
1116 4633 1166 4682 ²1³
