3160 5314
474 516 530 582 DE
550 516 782 584 REPUBLICA
802 517 878 578 LIB.
900 517 941 579 11.
1103 611 1109 618 ι
1186 518 1241 582 tot

148 687 173 728 et
180 677 318 743 soiuptstes.
325 689 475 742 quocunqne
482 677 533 726 stne
544 677 686 726 nocumento
694 679 758 731 sont,
764 681 790 722 et
799 687 853 738 que
859 673 884 722 io
896 677 1012 737 putemus
1024 669 1081 720 nihil
1090 679 1174 736 preter
1184 689 1242 738 geu·

150 759 212 808 dinus
221 758 327 808 sliutore
337 759 436 807 siotess
453 755 557 806 hebeno.
589 756 633 806 So.
650 753 711 804 Mihi
729 768 786 802 ssne
796 753 890 802 ridetur
904 751 1056 816 essesiiquid
1069 752 1123 802 tsle.
1156 752 1243 806 Gusu.

151 839 211 898 Quid
221 840 317 888 sutem?
329 846 398 888 estne
408 837 506 904 sliquid‚
515 835 579 901 quod
591 843 616 885 et
626 834 703 898 ipsum
712 833 786 898 gretie
795 833 870 898 ipsius
880 841 905 882 et
915 849 1003 890 eorum.
1014 849 1067 898 quo
1078 835 1108 882 sb
1118 849 1148 882 eo
1158 834 1245 894 fluunt,

151 921 268 969 smus?
290 918 490 983 qnemsdmodum
510 931 602 981 mpero,
621 915 708 972 sidere,
726 914 817 963 rsleree
838 915 889 964 hnc
908 915 971 962 enim
993 913 1127 978 hujusmodi
1149 924 1245 979 propter

150 1007 269 1065 ntnsmque
279 999 398 1064 eligimus.
432 999 475 1048 Su.
494 997 573 1048 Certe.
606 995 693 1046 Gonu.
709 995 812 1044 Tertium
824 1003 901 1044 eutem
918 995 1006 1060 siiquid
1018 995 1084 1044 sides
1094 1011 1168 1059 genus
1179 995 1245 1054 boui,

151 1080 230 1145 inquo
248 1089 285 1128 est
301 1079 413 1137 exerceri.
425 1079 486 1148 rusie
504 1079 621 1126 veientem
638 1077 722 1140 cumri,
732 1076 958 1140 medicationemque
976 1084 1000 1124 et
1012 1076 1168 1140 pecunisriem
1179 1091 1245 1126 eter-

150 1163 215 1210 tem?
231 1162 283 1209 heo
295 1161 379 1224 utique
398 1159 514 1208 isboriosn
530 1159 631 1207 istemur
648 1173 709 1220 esse,
720 1157 830 1220 prodesse
847 1165 924 1205 nutem
943 1138 1027 1206 nobis:
1044 1164 1069 1204 et
1086 1155 1138 1220 ipss
1148 1157 1245 1220 quidem

152 1241 185 1288 sui
195 1240 269 1304 gratis
279 1253 400 1303 nonqusm
412 1247 582 1302 expeteremus,
594 1238 635 1288 sed
646 1246 749 1302 questus
759 1245 784 1287 et
794 1237 900 1302 eliorum,
907 1254 961 1302 quse
971 1238 1002 1286 uh
1012 1237 1046 1286 eis
1058 1237 1246 1301 proficiscuntur,

150 1321 231 1385 gestis.
264 1321 307 1370 So.
324 1320 423 1369 Esthoc
436 1321 506 1385 pinne
523 1336 597 1384 genus
614 1320 715 1370 tertium.
749 1318 813 1376 Quid
832 1321 899 1367 tum?
932 1317 1019 1368 Gusn.
1035 1317 1064 1366 In
1076 1333 1178 1382 quonum
1190 1319 1246 1366 isto·

153 1400 325 1464 nrmjustitism
338 1399 427 1464 possis?
460 1401 501 1450 So.
519 1401 577 1450 Mes
587 1399 684 1462 quidem
695 1399 811 1448 sententis
821 1399 845 1446 in
858 1398 1022 1462 pulcherrimo,
1035 1397 1108 1462 [³⁵8]
1121 1399 1185 1461 quod
1198 1407 1246 1448 tero
1319 1421 1324 1428 ·

153 1491 243 1547 propter
251 1498 278 1532 se
289 1483 367 1547 ipsum
384 1497 454 1546 quens
472 1489 568 1546 propter
584 1496 613 1530 es
628 1495 682 1544 quse
699 1480 780 1536 efficit,
791 1482 821 1529 sb
832 1495 861 1528 eo
872 1479 914 1544 qui
926 1480 1006 1528 heotus
1017 1479 1048 1527 sit
1057 1479 1157 1542 iuturus,
1175 1495 1246 1544 espe-

153 1562 213 1613 titur.
246 1562 335 1612 Gcsu.
352 1562 424 1612 Hsod
442 1562 477 1610 ite
495 1563 573 1610 multis
592 1561 692 1617 ridetur,
710 1562 752 1610 sed
770 1560 877 1636 laboriosi
894 1559 985 1624 generis
995 1575 1055 1620 esse,
1066 1561 1131 1623 qood
1149 1560 1246 1624 quidem

154 1650 243 1708 propter
261 1646 357 1707 pramis
375 1651 400 1692 et
416 1646 516 1692 honores
533 1649 559 1691 et
575 1641 670 1707 glorium
688 1642 718 1691 sit
736 1643 904 1706 expetendum,
915 1649 1010 1705 propter
1027 1658 1051 1689 se
1068 1640 1145 1704 ipsum
1166 1649 1246 1690 eutem

154 1731 258 1786 eosqmn
277 1723 384 1779 difficile,
403 1722 550 1788 fugiendum.
582 1723 626 1771 So.
642 1721 707 1770 Nori
725 1721 834 1785 equidem
854 1721 915 1770 istuc
934 1721 1016 1770 moitis
1035 1721 1117 1770 rideri.
1137 1721 1247 1786 quocircn

151 1801 287 1867 jsmpridem
306 1820 323 1852 ι
340 1804 526 1868 Thresymsehm
546 1801 614 1867 qussi
631 1803 677 1850 tsie
697 1803 809 1866 quiddsm
826 1801 866 1855 eit,
876 1801 1035 1864 vituperetur:
1058 1801 1177 1866 injustitie
1192 1817 1247 1850 sero

153 1883 263 1932 hodntur.
280 1884 323 1932 sed
336 1899 382 1945 ego
398 1883 471 1932 hebes
487 1897 546 1939 sum,
557 1891 585 1930 ιιι
602 1881 691 1930 videor.
724 1880 811 1930 Geso.
829 1880 883 1944 Age
902 1880 981 1943 iteque
997 1889 1022 1928 et
1040 1897 1078 1930 me
1097 1882 1162 1946 sudi,
1173 1883 1192 1930 si
1205 1880 1248 1930 tibi

154 1979 242 2028 qouque
261 1965 313 2012 hec
333 1963 466 2013 rideantur.
498 1962 688 2028 Thrasymachus
707 1977 792 2024 nempe
814 1961 966 2024 prius'quem
988 1967 1114 2024 oporteret,
1137 1971 1247 2026 touqusm

155 2059 244 2108 serpeus
254 2043 397 2092 terminibus
407 2043 520 2092 delinitus
530 2042 571 2090 ebe
583 2049 606 2090 te
618 2041 689 2090 inisse
701 2041 802 2090 ridetur.
818 2039 874 2088 mihi
885 2049 964 2088 sutem
976 2041 1080 2088 nondum
1091 2057 1120 2090 es
1131 2044 1249 2094 sententis

155 2123 317 2174 demonstretio
336 2125 457 2188 utriusque
473 2123 561 2172 evenit.
577 2123 649 2186 cupio
669 2123 730 2170 euim
749 2121 839 2178 andire,
856 2121 913 2186 quid
931 2121 961 2168 sit
980 2129 1102 2186 utrumque
1113 2129 1138 2170 et
1153 2123 1247 2186 qualem

156 2203 199 2252 sim
215 2205 299 2254 hubest
310 2205 387 2268 ipsum
406 2203 535 2252 secundnm
546 2219 571 2252 se
582 2203 657 2267 ipsum
669 2202 782 2250 exsistens
794 2203 817 2250 in
828 2201 907 2250 animo
919 2220 925 2250 ι
945 2201 1037 2265 premis
1050 2217 1103 2250 soro
1114 2210 1139 2252 ct
1148 2219 1201 2267 qure
1218 2221 1248 2254 es

155 2284 210 2346 ipsis
220 2285 368 2347 proveniunt,
380 2283 481 2334 mittere.
513 2283 635 2347 sicigitur
652 2284 747 2346 iscium,
757 2284 777 2331 si
788 2291 813 2332 et
832 2282 875 2330 tihi
896 2283 981 2346 piacet.
1000 2284 1118 2332 renorsbo
1137 2284 1247 2348 equidem

154 2363 319 2429 Thrssymschi
330 2349 467 2424 ontionem,
478 2372 503 2414 et
514 2366 613 2430 primum
625 2365 710 2420 dicem,
721 2364 791 2430 quslc
802 2364 859 2428 quid
868 2363 984 2428 justitium
995 2379 1047 2412 csso
1057 2363 1139 2414 dicunt
1148 2371 1173 2413 et
1184 2367 1248 2414 unde

156 2453 259 2494 exortem
277 2445 346 2494 inisse
364 2446 445 2510 sclint.
463 2447 568 2495 seeundo
590 2445 643 2494 loco
663 2461 752 2502 omnes.
765 2445 900 2510 quicunque
914 2444 1031 2508 justitium
1050 2444 1142 2506 colunt,
1161 2445 1248 2494 insitos

157 2525 331 2587 quodemmodo
340 2540 389 2576 esus
400 2527 476 2590 sequi,
487 2533 598 2589 tanosm
615 2541 663 2574 rcrn
680 2527 846 2588 necesudsm,
856 2527 897 2574 sed
915 2541 962 2574 non
979 2527 1073 2576 bonsm.
1085 2527 1154 2574 tertio
1166 2526 1248 2596 merito

154 2605 181 2656 id
192 2619 270 2668 sgere.
287 2606 359 2654 tuito
367 2621 422 2670 ergo
437 2607 521 2656 melior
536 2605 619 2670 injusti
639 2607 687 2654 vits
698 2622 767 2670 quem
782 2606 851 2671 justi,
861 2615 888 2656 ut
906 2607 1009 2656 trsduot.
1041 2607 1104 2655 Mihi
1115 2607 1220 2671 quidem,
1232 2623 1249 2656 o

155 2683 268 2744 Socrsteq
291 2701 338 2736 non
358 2686 392 2736 its
413 2687 515 2738 videtur.
542 2687 637 2751 smhigo
659 2695 737 2736 tssneu
759 2688 906 2753 pierumque,
926 2687 983 2753 quis
1002 2689 1121 2737 obtundor
1141 2687 1249 2752 quotidie
1288 2691 1292 2700 “

154 2764 350 2830 i'onsyusschum
361 2767 466 2830 aliosque
477 2769 612 2818 innumeros
628 2768 735 2824 eudicus,
746 2770 873 2818 cretionem
885 2784 940 2818 vero
952 2784 994 2832 pro
1011 2767 1063 2832 ipss
1069 2767 1172 2832 justitie,
1181 2767 1248 2832 qnod

155 2845 234 2895 melior
244 2861 315 2910 quem
331 2846 449 2911 injustitie
458 2848 497 2905 sit,
508 2865 537 2898 ex
547 2848 612 2896 uuiio
624 2850 701 2900 sdhuc
711 2849 800 2908 sudisi,
811 2857 838 2898 ιιι
849 2848 942 2900 seiiem.
958 2865 1067 2912 cuperem
1078 2849 1169 2914 quippe
1176 2848 1251 2920 justig

156 2927 209 2976 tisos
217 2927 294 2992 ipsum
305 2928 436 2978 secundum
445 2945 470 2978 se
481 2929 555 2994 ipsum
566 2930 647 2978 sudire
658 2930 785 2982 lsudstsut.
801 2930 901 2980 muimo
910 2945 965 2980 sero
975 2947 1004 2980 es
1014 2937 1037 2980 te
1048 2933 1094 2980 hoo
1105 2945 1142 2978 nse
1152 2931 1251 2980 srhitror
1342 2929 1347 2946 ⁸

156 3009 295 3060 endihssom.
327 3009 480 3075 Quspropter
490 3011 567 3062 dicem
580 3010 658 3068 letius,
669 3011 780 3076 injustum
794 3013 867 3086 sitqm
878 3012 992 3073 isudsus;
1009 3013 1159 3076 dicendoque
1170 3019 1249 3062 osten-

71 3093 78 3106 '
157 3090 207 3138 usu
217 3089 271 3150 tihi,
280 3105 385 3155 quousm
397 3091 496 3140 merisne
507 3093 577 3140 modo
588 3093 670 3142 audire
688 3101 712 3142 te
731 3093 800 3142 veiim
811 3092 981 3156 vituperentem
992 3093 1088 3157 quidem
1100 3093 1249 3158 injustitisnr,

154 3169 265 3232 justitium
276 3185 332 3220 reso
350 3170 496 3222 leuduutem.
512 3173 555 3222 sed
574 3173 637 3229 ride,
653 3189 684 3222 sn
701 3175 746 3224 hoc
766 3173 922 3238 tihipiscest.
955 3174 998 3220 So.
1015 3173 1120 3220 Maxime
1134 3173 1248 3222 omnium.

156 3253 241 3315 deque
258 3252 321 3300 enirn
338 3267 364 3302 re
380 3253 433 3316 quis
445 3267 508 3302 seue
524 3253 609 3302 mentis
627 3255 737 3302 tihentios
747 3262 772 3302 et
788 3253 870 3302 eudist
880 3260 906 3302 et
916 3253 999 3301 diest?
1032 3251 1119 3300 Gocu.
1136 3251 1251 3302 Prodere

156 3331 265 3394 Ιηιιιιὶι.
298 3331 423 3382 Enimvero
434 3335 498 3398 quod
517 3335 615 3398 primunr
633 3335 664 3382 de
681 3335 727 3382 hoc
744 3333 823 3382 dicere
838 3332 956 3396 pollicitus
966 3331 1084 3395 eum‚jnm
1101 3331 1168 3394 sudi,
1178 3332 1251 3395 qusie

155 3411 186 3459 sit
196 3418 221 3460 et
231 3411 339 3462 nodo·sit
355 3421 406 3461 orts
417 3403 524 3477 ¹justitie.
556 3413 648 3464 Neturs
663 3415 759 3478 quidem
776 3413 860 3462 dicunt
877 3411 986 3477 injurium
1003 3411 1080 3460 iecere
1090 3412 1177 3460 ὺοιιιιιιι
1188 3427 1250 3476 esse,

156 3491 239 3554 injurie
254 3499 334 3540 sotem
351 3493 413 3542 effici
430 3493 533 3543 sosium:
552 3495 594 3544 sed
611 3496 682 3558 longe
699 3495 752 3559 pius
768 3493 824 3542 ursii
834 3507 885 3542 esse
895 3494 919 3540 in
936 3490 1167 3557 potiendoinjurisus
1178 3507 1251 3557 quem

158 3571 209 3626 hosi
219 3571 244 3620 in
255 3572 388 3626 inserendo.
404 3577 555 3639 quemobrem
575 3584 699 3641 postquem
720 3575 822 3624 vicissim
833 3574 940 3638 injurium
951 3582 976 3622 ct
987 3573 1107 3622 intulerint
1117 3581 1142 3622 et
1151 3589 1250 3638 occepe-

156 3651 207 3710 rint,
217 3661 242 3700 et
252 3659 378 3719 utrumque
395 3657 547 3719 gnstsserint,
558 3656 599 3720 qui
609 3663 730 3720 nequeunt
741 3656 813 3705 sitnre
830 3655 904 3720 [859]
922 3655 990 3711 iliud,
1001 3655 1026 3703 id
1037 3655 1160 3719 consequi,
1172 3670 1250 3720 operor

157 3731 254 3794 pretium
265 3733 314 3784 iore
324 3736 426 3794 ducunt,
441 3743 468 3784 ut
479 3737 512 3786 its
523 3737 622 3785 invicem
633 3743 785 3802 component,
797 3744 824 3784 ut
834 3751 911 3800 neque
923 3736 1001 3784 inferri
1012 3751 1089 3800 neque
1100 3736 1178 3800 sccipi
1197 3751 1252 3800 pos·

156 3811 184 3860 sit
192 3812 288 3876 injuris,
302 3813 406 3880 hincque
417 3816 499 3865 solunt
516 3818 630 3881 originem
647 3817 755 3867 hsboisse
774 3817 838 3881 leges
852 3816 1088 3882 constitutionesque,
1097 3823 1123 3864 et
1131 3818 1253 3866 nominets

157 3905 205 3940 ene
215 3903 334 3958 precepto
345 3896 423 3959 legum
443 3897 548 3962 legitime
559 3905 629 3960 sique
638 3896 713 3961 juste.
746 3897 815 3946 Hsnc
825 3897 907 3961 iisque
920 3895 1020 3961 justitie
1037 3897 1149 3960 originem
1160 3905 1186 3946 et
1195 3899 1252 3948 sub·

154 3972 261 4021 ιιιιιίιιιι
278 3989 329 4024 esse
348 3975 441 4033 solunt,
455 3993 509 4042 quse
529 3977 606 4026 medis
623 3978 798 4042 quodsmmodo
816 3979 848 4028 sit
865 3978 979 4042 optimum
997 3979 1058 4027 inter
1074 3985 1099 4027 et
1116 3979 1251 4042 pessimum,

153 4053 248 4114 quondo
258 4055 356 4117 quidem
367 4056 482 4120 optimum
494 4065 530 4106 est
541 4058 624 4106 inferre
641 4057 750 4121 injurium
764 4073 808 4107 neo
823 4059 879 4107 ders
896 4073 985 4122 poeuss,
997 4059 1122 4123 pessimum
1134 4077 1191 4110 vero
1202 4062 1251 4126 peti

150 4146 196 4180 nee
208 4131 290 4182 ulcisci
303 4149 382 4198 posue.
415 4137 509 4186 Justum
528 4153 585 4202 ergo
601 4139 718 4187 horumio
730 4139 809 4190 medio
826 4139 979 4188 constitutum
996 4140 1127 4189 omsmuon
1139 4150 1252 4206 tanusm

152 4211 252 4276 buum,
262 4215 304 4262 sed
321 4231 351 4264 eu
362 4215 523 4268 imbecillitste
535 4217 675 4284 injuriandi,
686 4228 797 4284 tunqusm
813 4219 949 4284 injuriosum
960 4221 1131 4270 inieroudsrum
1142 4224 1255 4272 ohstscu·

148 4291 209 4342 isos.
226 4309 282 4343 eum
292 4311 358 4354 sene,
369 4298 413 4362 qui
423 4299 469 4348 hoe
487 4299 579 4349 efficere
599 4301 673 4364 possit
690 4315 790 4365 seroque
800 4301 831 4350 sit
847 4302 890 4360 sir,
901 4317 954 4352 cum
974 4302 1020 4352 siio
1032 4303 1119 4368 pscisci
1130 4319 1250 4367 nunqusm

148 4373 335 4439 deeemereque,
345 4393 377 4426 ne
396 4377 457 4428 ultro
467 4379 572 4446 citroque
584 4381 670 4445 injurie
681 4381 808 4432 inseretur:
826 4381 931 4448 siioquin
949 4383 1068 4435 inueniret.
1100 4383 1161 4432 Hrec
1178 4393 1223 4438 ost,
1234 4397 1250 4430 o

147 4453 270 4512 Sumtus,
281 4464 365 4506 neturs
371 4457 472 4521 justitie
481 4469 552 4528 siquo
562 4461 706 4527 hujusmodi,
718 4474 743 4510 et
752 4479 782 4511 es
791 4463 885 4521 teiihne,
897 4473 923 4514 nt
934 4464 1020 4523 ierunt,
1031 4463 1161 4528 progenito.
1178 4462 1251 4518 Quod

147 4543 232 4584 sutem
249 4535 290 4602 qui
297 4537 420 4604 justitium
438 4551 530 4592 sermm
546 4544 614 4594 iuviti
632 4545 657 4594 id
674 4551 756 4610 egent,
766 4560 819 4595 cum
829 4561 858 4596 es
878 4543 1038 4594 imbecillitste
1048 4542 1156 4607 injortuo
1168 4543 1253 4592 intorte
