<?xml version="1.0" encoding="UTF-8"?>
<!DOCTYPE html PUBLIC "-//W3C//DTD XHTML 1.0 Transitional//EN"
    "http://www.w3.org/TR/xhtml1/DTD/xhtml1-transitional.dtd">
<html xmlns="http://www.w3.org/1999/xhtml" xml:lang="en" lang="en">
 <head>
  <title>
</title>
<meta http-equiv="Content-Type" content="text/html;charset=utf-8" />
  <meta name='ocr-system' content='tesseract 3.04.00' />
  <meta name='ocr-capabilities' content='ocr_page ocr_carea ocr_par ocr_line ocrx_word'/>
</head>
<body>
  <div class='ocr_page' id='page_1' title='image "./platonisetquaev05bekkgoog_0261.png"; bbox 0 0 3110 5320; ppageno 0'>
   <div class='ocr_carea' id='block_1_1' title="bbox 112 537 1201 628">
    <p class='ocr_par' dir='ltr' id='par_1_1' title="bbox 112 537 1201 628">
     <span class='ocr_line' id='line_1_1' title="bbox 112 537 1201 628; baseline 0.003 -34"><span class='ocrx_word' id='word_1_1' title='bbox 112 537 163 612; x_wconf 78' lang='lat' dir='ltr'>m]</span> <span class='ocrx_word' id='word_1_2' title='bbox 581 537 757 597; x_wconf 72' lang='lat' dir='ltr'>ramnus</span> <span class='ocrx_word' id='word_1_3' title='bbox 1112 615 1119 628; x_wconf 28' lang='lat'>¹</span> <span class='ocrx_word' id='word_1_4' title='bbox 1142 540 1201 598; x_wconf 78' lang='lat' dir='ltr'>ms</span> 
     </span>
    </p>
   </div>
   <div class='ocr_carea' id='block_1_2' title="bbox 111 689 1202 1001">
    <p class='ocr_par' dir='ltr' id='par_1_2' title="bbox 111 689 1202 1001">
     <span class='ocr_line' id='line_1_2' title="bbox 113 689 1200 758; baseline 0.004 -20"><span class='ocrx_word' id='word_1_5' title='bbox 113 691 233 754; x_wconf 87' lang='lat' dir='ltr'>participi.</span> <span class='ocrx_word' id='word_1_6' title='bbox 266 689 308 740; x_wconf 90' lang='lat' dir='ltr'>Tr.</span> <span class='ocrx_word' id='word_1_7' title='bbox 325 689 425 740; x_wconf 84' lang='lat' dir='ltr'>Videtur</span> <span class='ocrx_word' id='word_1_8' title='bbox 443 707 507 740; x_wconf 86' lang='lat' dir='ltr'>sane.</span> <span class='ocrx_word' id='word_1_9' title='bbox 541 693 602 743; x_wconf 87' lang='lat' dir='ltr'>Car.</span> <span class='ocrx_word' id='word_1_10' title='bbox 620 693 696 752; x_wconf 87' lang='lat' dir='ltr'>liudi,</span> <span class='ocrx_word' id='word_1_11' title='bbox 714 695 831 751; x_wconf 85' lang='lat' dir='ltr'>Socrates,</span> <span class='ocrx_word' id='word_1_12' title='bbox 842 694 921 742; x_wconf 91' lang='lat' dir='ltr'>miram</span> <span class='ocrx_word' id='word_1_13' title='bbox 938 693 1043 758; x_wconf 86' lang='lat' dir='ltr'>quidem,</span> <span class='ocrx_word' id='word_1_14' title='bbox 1054 695 1094 742; x_wconf 89' lang='lat' dir='ltr'>sed</span> <span class='ocrx_word' id='word_1_15' title='bbox 1106 695 1200 758; x_wconf 87' lang='lat' dir='ltr'>plenam</span> 
     </span>
     <span class='ocr_line' id='line_1_3' title="bbox 111 771 1202 843; baseline 0.004 -25"><span class='ocrx_word' id='word_1_16' title='bbox 111 771 217 820; x_wconf 69' lang='lat' dir='ltr'>emissus</span> <span class='ocrx_word' id='word_1_17' title='bbox 227 771 357 836; x_wconf 85' lang='lat' dir='ltr'>historiam,</span> <span class='ocrx_word' id='word_1_18' title='bbox 367 787 438 836; x_wconf 91' lang='lat' dir='ltr'>quam</span> <span class='ocrx_word' id='word_1_19' title='bbox 453 773 526 822; x_wconf 87' lang='lat' dir='ltr'>Solon</span> <span class='ocrx_word' id='word_1_20' title='bbox 536 781 626 837; x_wconf 88' lang='lat' dir='ltr'>septem</span> <span class='ocrx_word' id='word_1_21' title='bbox 643 776 775 840; x_wconf 87' lang='lat' dir='ltr'>sapientum</span> <span class='ocrx_word' id='word_1_22' title='bbox 797 775 982 843; x_wconf 71' lang='lat' dir='ltr'>sapientissimus</span> <span class='ocrx_word' id='word_1_23' title='bbox 992 777 1135 824; x_wconf 82' lang='lat' dir='ltr'>recensebat.</span> <span class='ocrx_word' id='word_1_24' title='bbox 1151 784 1202 824; x_wconf 87' lang='lat' dir='ltr'>erat</span> 
     </span>
     <span class='ocr_line' id='line_1_4' title="bbox 112 845 1202 920; baseline 0.002 -18"><span class='ocrx_word' id='word_1_25' title='bbox 112 853 177 902; x_wconf 87' lang='lat' dir='ltr'>enim</span> <span class='ocrx_word' id='word_1_26' title='bbox 188 853 330 902; x_wconf 87' lang='lat' dir='ltr'>domesticos</span> <span class='ocrx_word' id='word_1_27' title='bbox 339 855 465 903; x_wconf 88' lang='lat' dir='ltr'>admodum</span> <span class='ocrx_word' id='word_1_28' title='bbox 476 855 612 920; x_wconf 70' lang='lat' dir='ltr'>amicusque</span> <span class='ocrx_word' id='word_1_29' title='bbox 623 855 736 920; x_wconf 88' lang='lat' dir='ltr'>Dropidis</span> <span class='ocrx_word' id='word_1_30' title='bbox 744 855 825 920; x_wconf 80' lang='lat' dir='ltr'>proavi</span> <span class='ocrx_word' id='word_1_31' title='bbox 835 857 917 920; x_wconf 89' lang='lat' dir='ltr'>nostri,</span> <span class='ocrx_word' id='word_1_32' title='bbox 926 857 990 920; x_wconf 88' lang='lat' dir='ltr'>quod</span> <span class='ocrx_word' id='word_1_33' title='bbox 1000 858 1026 904; x_wconf 90' lang='lat' dir='ltr'>in</span> <span class='ocrx_word' id='word_1_34' title='bbox 1037 849 1083 904; x_wconf 85' lang='lat' dir='ltr'>suis</span> <span class='ocrx_word' id='word_1_35' title='bbox 1093 845 1202 904; x_wconf 60' lang='lat' dir='ltr'>carminiss</span> 
     </span>
     <span class='ocr_line' id='line_1_5' title="bbox 114 933 1201 1001; baseline 0.006 -22"><span class='ocrx_word' id='word_1_36' title='bbox 114 934 159 980; x_wconf 87' lang='lat' dir='ltr'>isus</span> <span class='ocrx_word' id='word_1_37' title='bbox 167 933 268 996; x_wconf 86' lang='lat' dir='ltr'>ipsemet</span> <span class='ocrx_word' id='word_1_38' title='bbox 275 949 339 999; x_wconf 83' lang='lat' dir='ltr'>sarpa</span> <span class='ocrx_word' id='word_1_39' title='bbox 350 943 456 984; x_wconf 87' lang='lat' dir='ltr'>testatur.</span> <span class='ocrx_word' id='word_1_40' title='bbox 471 951 517 984; x_wconf 87' lang='lat' dir='ltr'>aso</span> <span class='ocrx_word' id='word_1_41' title='bbox 527 945 605 984; x_wconf 86' lang='lat' dir='ltr'>autern</span> <span class='ocrx_word' id='word_1_42' title='bbox 617 943 698 984; x_wconf 89' lang='lat' dir='ltr'>nostro</span> <span class='ocrx_word' id='word_1_43' title='bbox 714 936 805 992; x_wconf 79' lang='lat' dir='ltr'>Critias,</span> <span class='ocrx_word' id='word_1_44' title='bbox 816 945 843 984; x_wconf 92' lang='lat' dir='ltr'>nt</span> <span class='ocrx_word' id='word_1_45' title='bbox 853 937 903 1000; x_wconf 90' lang='lat' dir='ltr'>ipse</span> <span class='ocrx_word' id='word_1_46' title='bbox 913 939 982 986; x_wconf 87' lang='lat' dir='ltr'>nobis</span> <span class='ocrx_word' id='word_1_47' title='bbox 992 953 1063 986; x_wconf 87' lang='lat' dir='ltr'>senes</span> <span class='ocrx_word' id='word_1_48' title='bbox 1073 945 1156 1001; x_wconf 85' lang='lat' dir='ltr'>postea</span> <span class='ocrx_word' id='word_1_49' title='bbox 1166 953 1201 986; x_wconf 87' lang='lat' dir='ltr'>re·</span> 
     </span>
    </p>
   </div>
   <div class='ocr_carea' id='block_1_3' title="bbox 12 1013 1201 1081">
    <p class='ocr_par' dir='ltr' id='par_1_3' title="bbox 12 1013 1201 1081">
     <span class='ocr_line' id='line_1_6' title="bbox 12 1013 1201 1081; baseline 0.005 -21"><span class='ocrx_word' id='word_1_50' title='bbox 12 1017 13 1032; x_wconf 67' lang='lat'>¹</span> <span class='ocrx_word' id='word_1_51' title='bbox 112 1013 211 1070; x_wconf 87' lang='lat' dir='ltr'>lerebst,</span> <span class='ocrx_word' id='word_1_52' title='bbox 221 1016 364 1079; x_wconf 89' lang='lat' dir='ltr'>quandoque</span> <span class='ocrx_word' id='word_1_53' title='bbox 375 1017 476 1065; x_wconf 82' lang='lat' dir='ltr'>manavit</span> <span class='ocrx_word' id='word_1_54' title='bbox 487 1033 523 1064; x_wconf 86' lang='lat' dir='ltr'>res</span> <span class='ocrx_word' id='word_1_55' title='bbox 533 1025 610 1080; x_wconf 80' lang='lat' dir='ltr'>gestas</span> <span class='ocrx_word' id='word_1_56' title='bbox 626 1016 697 1080; x_wconf 88' lang='lat' dir='ltr'>hujus</span> <span class='ocrx_word' id='word_1_57' title='bbox 717 1018 779 1064; x_wconf 90' lang='lat' dir='ltr'>urbis</span> <span class='ocrx_word' id='word_1_58' title='bbox 797 1019 967 1081; x_wconf 67' lang='lat' dir='ltr'>memorabiles,</span> <span class='ocrx_word' id='word_1_59' title='bbox 978 1019 1131 1068; x_wconf 71' lang='lat' dir='ltr'><strong>diuturnitate</strong></span> <span class='ocrx_word' id='word_1_60' title='bbox 1141 1027 1201 1066; x_wconf 85' lang='lat' dir='ltr'>tcm-</span> 
     </span>
    </p>
   </div>
   <div class='ocr_carea' id='block_1_4' title="bbox 96 1095 1213 4660">
    <p class='ocr_par' dir='ltr' id='par_1_4' title="bbox 96 1095 1213 4660">
     <span class='ocr_line' id='line_1_7' title="bbox 112 1095 1202 1164; baseline 0.005 -21"><span class='ocrx_word' id='word_1_61' title='bbox 112 1095 176 1158; x_wconf 85' lang='lat' dir='ltr'>poris</span> <span class='ocrx_word' id='word_1_62' title='bbox 195 1096 363 1161; x_wconf 63' lang='lat' dir='ltr'>Mminumqne</span> <span class='ocrx_word' id='word_1_63' title='bbox 380 1097 475 1146; x_wconf 88' lang='lat' dir='ltr'>interitu</span> <span class='ocrx_word' id='word_1_64' title='bbox 488 1098 630 1146; x_wconf 86' lang='lat' dir='ltr'>obliteratas.</span> <span class='ocrx_word' id='word_1_65' title='bbox 647 1113 719 1146; x_wconf 89' lang='lat' dir='ltr'>unum</span> <span class='ocrx_word' id='word_1_66' title='bbox 738 1113 793 1146; x_wconf 86' lang='lat' dir='ltr'>vero</span> <span class='ocrx_word' id='word_1_67' title='bbox 806 1113 852 1160; x_wconf 76' lang='lat' dir='ltr'>pra</span> <span class='ocrx_word' id='word_1_68' title='bbox 869 1099 952 1146; x_wconf 82' lang='lat' dir='ltr'>ceteris</span> <span class='ocrx_word' id='word_1_69' title='bbox 962 1099 1053 1148; x_wconf 87' lang='lat' dir='ltr'>lacinus</span> <span class='ocrx_word' id='word_1_70' title='bbox 1063 1099 1155 1164; x_wconf 77' lang='lat' dir='ltr'>insigne</span> <span class='ocrx_word' id='word_1_71' title='bbox 1165 1115 1202 1148; x_wconf 88' lang='lat' dir='ltr'>re·</span> 
     </span>
     <span class='ocr_line' id='line_1_8' title="bbox 113 1176 1204 1244; baseline 0.003 -20"><span class='ocrx_word' id='word_1_72' title='bbox 113 1176 215 1232; x_wconf 70' lang='lat' dir='ltr'>censent,</span> <span class='ocrx_word' id='word_1_73' title='bbox 232 1178 298 1241; x_wconf 85' lang='lat' dir='ltr'>quod</span> <span class='ocrx_word' id='word_1_74' title='bbox 314 1178 388 1226; x_wconf 65' lang='lat' dir='ltr'>robis,</span> <span class='ocrx_word' id='word_1_75' title='bbox 400 1193 464 1226; x_wconf 91' lang='lat' dir='ltr'>nunc</span> <span class='ocrx_word' id='word_1_76' title='bbox 482 1180 624 1226; x_wconf 87' lang='lat' dir='ltr'>narrandum</span> <span class='ocrx_word' id='word_1_77' title='bbox 639 1195 733 1236; x_wconf 87' lang='lat' dir='ltr'>censeo,</span> <span class='ocrx_word' id='word_1_78' title='bbox 752 1179 809 1244; x_wconf 66' lang='lat' dir='ltr'>[il]</span> <span class='ocrx_word' id='word_1_79' title='bbox 828 1187 854 1226; x_wconf 94' lang='lat' dir='ltr'>ut</span> <span class='ocrx_word' id='word_1_80' title='bbox 872 1187 896 1226; x_wconf 90' lang='lat' dir='ltr'>et</span> <span class='ocrx_word' id='word_1_81' title='bbox 911 1180 956 1228; x_wconf 82' lang='lat' dir='ltr'>tibi</span> <span class='ocrx_word' id='word_1_82' title='bbox 968 1197 1052 1228; x_wconf 88' lang='lat' dir='ltr'>morem</span> <span class='ocrx_word' id='word_1_83' title='bbox 1064 1196 1169 1243; x_wconf 82' lang='lat' dir='ltr'>geramus</span> <span class='ocrx_word' id='word_1_84' title='bbox 1179 1189 1204 1228; x_wconf 90' lang='lat' dir='ltr'>ct</span> 
     </span>
     <span class='ocr_line' id='line_1_9' title="bbox 116 1257 1203 1325; baseline 0.004 -21"><span class='ocrx_word' id='word_1_85' title='bbox 116 1257 204 1312; x_wconf 88' lang='lat' dir='ltr'>Deam,</span> <span class='ocrx_word' id='word_1_86' title='bbox 222 1258 262 1308; x_wconf 84' lang='lat' dir='ltr'>cui</span> <span class='ocrx_word' id='word_1_87' title='bbox 281 1258 394 1306; x_wconf 88' lang='lat' dir='ltr'>hodierna</span> <span class='ocrx_word' id='word_1_88' title='bbox 410 1274 498 1322; x_wconf 87' lang='lat' dir='ltr'>pompa</span> <span class='ocrx_word' id='word_1_89' title='bbox 514 1259 592 1308; x_wconf 86' lang='lat' dir='ltr'>dicata</span> <span class='ocrx_word' id='word_1_90' title='bbox 603 1268 648 1322; x_wconf 87' lang='lat' dir='ltr'>est,</span> <span class='ocrx_word' id='word_1_91' title='bbox 667 1261 712 1308; x_wconf 90' lang='lat' dir='ltr'>bac</span> <span class='ocrx_word' id='word_1_92' title='bbox 722 1260 855 1307; x_wconf 87' lang='lat' dir='ltr'>narratione</span> <span class='ocrx_word' id='word_1_93' title='bbox 873 1260 939 1323; x_wconf 89' lang='lat' dir='ltr'>quasi</span> <span class='ocrx_word' id='word_1_94' title='bbox 950 1261 1052 1323; x_wconf 85' lang='lat' dir='ltr'>quodam</span> <span class='ocrx_word' id='word_1_95' title='bbox 1065 1263 1203 1325; x_wconf 82' lang='lat' dir='ltr'>hymnorum</span> 
     </span>
     <span class='ocr_line' id='line_1_10' title="bbox 115 1339 1204 1406; baseline 0.005 -21"><span class='ocrx_word' id='word_1_96' title='bbox 115 1346 195 1394; x_wconf 84' lang='lat' dir='ltr'>cantu,</span> <span class='ocrx_word' id='word_1_97' title='bbox 215 1347 242 1386; x_wconf 93' lang='lat' dir='ltr'>ut</span> <span class='ocrx_word' id='word_1_98' title='bbox 262 1355 304 1402; x_wconf 90' lang='lat' dir='ltr'>par</span> <span class='ocrx_word' id='word_1_99' title='bbox 320 1347 365 1393; x_wconf 89' lang='lat' dir='ltr'>est,</span> <span class='ocrx_word' id='word_1_100' title='bbox 382 1340 531 1388; x_wconf 87' lang='lat' dir='ltr'>honoremus.</span> <span class='ocrx_word' id='word_1_101' title='bbox 564 1339 606 1388; x_wconf 84' lang='lat' dir='ltr'>So.</span> <span class='ocrx_word' id='word_1_102' title='bbox 624 1339 702 1388; x_wconf 84' lang='lat' dir='ltr'>Reate</span> <span class='ocrx_word' id='word_1_103' title='bbox 722 1340 830 1406; x_wconf 83' lang='lat' dir='ltr'>loqueris.</span> <span class='ocrx_word' id='word_1_104' title='bbox 846 1341 888 1388; x_wconf 92' lang='lat' dir='ltr'>sed</span> <span class='ocrx_word' id='word_1_105' title='bbox 899 1342 1029 1404; x_wconf 87' lang='lat' dir='ltr'>quidistud</span> <span class='ocrx_word' id='word_1_106' title='bbox 1048 1344 1143 1390; x_wconf 83' lang='lat' dir='ltr'>tandem</span> <span class='ocrx_word' id='word_1_107' title='bbox 1160 1350 1204 1398; x_wconf 86' lang='lat' dir='ltr'>est,</span> 
     </span>
     <span class='ocr_line' id='line_1_11' title="bbox 115 1420 1204 1487; baseline 0.004 -21"><span class='ocrx_word' id='word_1_108' title='bbox 115 1420 177 1482; x_wconf 84' lang='lat' dir='ltr'>qnod</span> <span class='ocrx_word' id='word_1_109' title='bbox 189 1420 283 1476; x_wconf 83' lang='lat' dir='ltr'>Critias,</span> <span class='ocrx_word' id='word_1_110' title='bbox 294 1436 343 1469; x_wconf 87' lang='lat' dir='ltr'>non</span> <span class='ocrx_word' id='word_1_111' title='bbox 353 1421 420 1484; x_wconf 84' lang='lat' dir='ltr'>quasi</span> <span class='ocrx_word' id='word_1_112' title='bbox 431 1421 506 1469; x_wconf 85' lang='lat' dir='ltr'>serbis</span> <span class='ocrx_word' id='word_1_113' title='bbox 516 1422 669 1486; x_wconf 86' lang='lat' dir='ltr'>descriptum,</span> <span class='ocrx_word' id='word_1_114' title='bbox 681 1421 722 1469; x_wconf 88' lang='lat' dir='ltr'>sed</span> <span class='ocrx_word' id='word_1_115' title='bbox 734 1421 802 1487; x_wconf 89' lang='lat' dir='ltr'>qussi</span> <span class='ocrx_word' id='word_1_116' title='bbox 813 1422 843 1468; x_wconf 90' lang='lat' dir='ltr'>ab</span> <span class='ocrx_word' id='word_1_117' title='bbox 859 1423 903 1470; x_wconf 87' lang='lat' dir='ltr'>bac</span> <span class='ocrx_word' id='word_1_118' title='bbox 914 1423 1009 1471; x_wconf 84' lang='lat' dir='ltr'>civitate</span> <span class='ocrx_word' id='word_1_119' title='bbox 1021 1424 1139 1486; x_wconf 90' lang='lat' dir='ltr'>quondam</span> <span class='ocrx_word' id='word_1_120' title='bbox 1152 1439 1204 1486; x_wconf 83' lang='lat' dir='ltr'>ges·</span> 
     </span>
     <span class='ocr_line' id='line_1_12' title="bbox 116 1501 1203 1568; baseline 0.004 -20"><span class='ocrx_word' id='word_1_121' title='bbox 116 1511 172 1554; x_wconf 92' lang='lat' dir='ltr'>tum,</span> <span class='ocrx_word' id='word_1_122' title='bbox 192 1517 222 1550; x_wconf 89' lang='lat' dir='ltr'>es</span> <span class='ocrx_word' id='word_1_123' title='bbox 240 1501 333 1550; x_wconf 86' lang='lat' dir='ltr'>Solonis</span> <span class='ocrx_word' id='word_1_124' title='bbox 351 1503 482 1552; x_wconf 82' lang='lat' dir='ltr'>namtione</span> <span class='ocrx_word' id='word_1_125' title='bbox 500 1503 565 1550; x_wconf 82' lang='lat' dir='ltr'>vohis</span> <span class='ocrx_word' id='word_1_126' title='bbox 583 1503 691 1567; x_wconf 82' lang='lat' dir='ltr'>aperuit?</span> <span class='ocrx_word' id='word_1_127' title='bbox 725 1501 787 1553; x_wconf 82' lang='lat' dir='ltr'>Cur.</span> <span class='ocrx_word' id='word_1_128' title='bbox 804 1501 915 1550; x_wconf 75' lang='lat' dir='ltr'>Referam</span> <span class='ocrx_word' id='word_1_129' title='bbox 934 1503 1033 1566; x_wconf 85' lang='lat' dir='ltr'>priscam</span> <span class='ocrx_word' id='word_1_130' title='bbox 1052 1503 1108 1552; x_wconf 90' lang='lat' dir='ltr'>mihi</span> <span class='ocrx_word' id='word_1_131' title='bbox 1131 1521 1203 1568; x_wconf 90' lang='lat' dir='ltr'>puero</span> 
     </span>
     <span class='ocr_line' id='line_1_13' title="bbox 116 1582 1204 1647; baseline 0.003 -17"><span class='ocrx_word' id='word_1_132' title='bbox 116 1583 224 1630; x_wconf 82' lang='lat' dir='ltr'>traditam</span> <span class='ocrx_word' id='word_1_133' title='bbox 236 1583 267 1630; x_wconf 90' lang='lat' dir='ltr'>ab</span> <span class='ocrx_word' id='word_1_134' title='bbox 277 1598 322 1631; x_wconf 84' lang='lat' dir='ltr'>aso</span> <span class='ocrx_word' id='word_1_135' title='bbox 331 1582 458 1634; x_wconf 88' lang='lat' dir='ltr'>historiam.</span> <span class='ocrx_word' id='word_1_136' title='bbox 476 1599 530 1632; x_wconf 89' lang='lat' dir='ltr'>curn</span> <span class='ocrx_word' id='word_1_137' title='bbox 541 1594 621 1647; x_wconf 71' lang='lat' dir='ltr'>agmet</span> <span class='ocrx_word' id='word_1_138' title='bbox 637 1583 723 1632; x_wconf 86' lang='lat' dir='ltr'>Critias</span> <span class='ocrx_word' id='word_1_139' title='bbox 734 1599 818 1646; x_wconf 88' lang='lat' dir='ltr'>annos,</span> <span class='ocrx_word' id='word_1_140' title='bbox 828 1591 856 1630; x_wconf 91' lang='lat' dir='ltr'>ut</span> <span class='ocrx_word' id='word_1_141' title='bbox 866 1584 916 1646; x_wconf 85' lang='lat' dir='ltr'>ipse</span> <span class='ocrx_word' id='word_1_142' title='bbox 927 1583 1032 1646; x_wconf 82' lang='lat' dir='ltr'>dicebat,</span> <span class='ocrx_word' id='word_1_143' title='bbox 1041 1585 1134 1633; x_wconf 74' lang='lat' dir='ltr'>circiter</span> <span class='ocrx_word' id='word_1_144' title='bbox 1145 1601 1204 1634; x_wconf 88' lang='lat' dir='ltr'>non·</span> 
     </span>
     <span class='ocr_line' id='line_1_14' title="bbox 117 1663 1205 1730; baseline 0.004 -20"><span class='ocrx_word' id='word_1_145' title='bbox 117 1663 203 1725; x_wconf 79' lang='lat' dir='ltr'>aginta,</span> <span class='ocrx_word' id='word_1_146' title='bbox 214 1679 259 1728; x_wconf 76' lang='lat' dir='ltr'>ego</span> <span class='ocrx_word' id='word_1_147' title='bbox 270 1679 325 1712; x_wconf 89' lang='lat' dir='ltr'>sero</span> <span class='ocrx_word' id='word_1_148' title='bbox 336 1665 426 1720; x_wconf 88' lang='lat' dir='ltr'>decem,</span> <span class='ocrx_word' id='word_1_149' title='bbox 437 1665 637 1729; x_wconf 87' lang='lat' dir='ltr'>celebrareturque</span> <span class='ocrx_word' id='word_1_150' title='bbox 646 1665 757 1714; x_wconf 83' lang='lat' dir='ltr'>solemnis</span> <span class='ocrx_word' id='word_1_151' title='bbox 766 1664 807 1714; x_wconf 88' lang='lat' dir='ltr'>ille</span> <span class='ocrx_word' id='word_1_152' title='bbox 816 1664 876 1720; x_wconf 88' lang='lat' dir='ltr'>dies,</span> <span class='ocrx_word' id='word_1_153' title='bbox 886 1666 911 1712; x_wconf 90' lang='lat' dir='ltr'>in</span> <span class='ocrx_word' id='word_1_154' title='bbox 923 1665 1010 1730; x_wconf 89' lang='lat' dir='ltr'>quoad</span> <span class='ocrx_word' id='word_1_155' title='bbox 1020 1673 1114 1715; x_wconf 88' lang='lat' dir='ltr'>cantum</span> <span class='ocrx_word' id='word_1_156' title='bbox 1123 1667 1205 1714; x_wconf 88' lang='lat' dir='ltr'>carmi·</span> 
     </span>
     <span class='ocr_line' id='line_1_15' title="bbox 119 1745 1205 1812; baseline 0.007 -22"><span class='ocrx_word' id='word_1_157' title='bbox 119 1759 174 1792; x_wconf 86' lang='lat' dir='ltr'>num</span> <span class='ocrx_word' id='word_1_158' title='bbox 184 1745 252 1808; x_wconf 84' lang='lat' dir='ltr'>pueri</span> <span class='ocrx_word' id='word_1_159' title='bbox 267 1746 463 1801; x_wconf 74' lang='lat' dir='ltr'>consombmtur,</span> <span class='ocrx_word' id='word_1_160' title='bbox 483 1747 619 1810; x_wconf 71' lang='lat' dir='ltr'>congregati</span> <span class='ocrx_word' id='word_1_161' title='bbox 636 1763 714 1795; x_wconf 89' lang='lat' dir='ltr'>sumus</span> <span class='ocrx_word' id='word_1_162' title='bbox 731 1755 756 1794; x_wconf 89' lang='lat' dir='ltr'>et</span> <span class='ocrx_word' id='word_1_163' title='bbox 773 1763 817 1794; x_wconf 90' lang='lat' dir='ltr'>nos</span> <span class='ocrx_word' id='word_1_164' title='bbox 836 1762 883 1794; x_wconf 91' lang='lat' dir='ltr'>una</span> <span class='ocrx_word' id='word_1_165' title='bbox 901 1762 954 1795; x_wconf 89' lang='lat' dir='ltr'>cum</span> <span class='ocrx_word' id='word_1_166' title='bbox 971 1747 1081 1812; x_wconf 81' lang='lat' dir='ltr'>proximis</span> <span class='ocrx_word' id='word_1_167' title='bbox 1097 1748 1205 1812; x_wconf 87' lang='lat' dir='ltr'>notisque</span> 
     </span>
     <span class='ocr_line' id='line_1_16' title="bbox 118 1825 1206 1892; baseline 0.004 -19"><span class='ocrx_word' id='word_1_168' title='bbox 118 1827 205 1888; x_wconf 83' lang='lat' dir='ltr'>pueris,</span> <span class='ocrx_word' id='word_1_169' title='bbox 216 1825 331 1890; x_wconf 84' lang='lat' dir='ltr'>nobisque</span> <span class='ocrx_word' id='word_1_170' title='bbox 341 1842 356 1874; x_wconf 92' lang='lat' dir='ltr'>a</span> <span class='ocrx_word' id='word_1_171' title='bbox 372 1828 507 1891; x_wconf 88' lang='lat' dir='ltr'>parentibus</span> <span class='ocrx_word' id='word_1_172' title='bbox 526 1829 654 1876; x_wconf 75' lang='lat' dir='ltr'>carminum</span> <span class='ocrx_word' id='word_1_173' title='bbox 664 1829 823 1876; x_wconf 74' lang='lat' dir='ltr'>muendomm</span> <span class='ocrx_word' id='word_1_174' title='bbox 833 1836 950 1876; x_wconf 72' lang='lat' dir='ltr'>commen</span> <span class='ocrx_word' id='word_1_175' title='bbox 960 1837 997 1876; x_wconf 90' lang='lat' dir='ltr'>est</span> <span class='ocrx_word' id='word_1_176' title='bbox 1007 1829 1147 1892; x_wconf 87' lang='lat' dir='ltr'>injunctum.</span> <span class='ocrx_word' id='word_1_177' title='bbox 1164 1830 1206 1877; x_wconf 91' lang='lat' dir='ltr'>ubi</span> 
     </span>
     <span class='ocr_line' id='line_1_17' title="bbox 120 1907 1207 1974; baseline 0.004 -20"><span class='ocrx_word' id='word_1_178' title='bbox 120 1907 242 1960; x_wconf 82' lang='lat' dir='ltr'>multorum</span> <span class='ocrx_word' id='word_1_179' title='bbox 254 1907 379 1972; x_wconf 76' lang='lat' dir='ltr'>poiitsrum</span> <span class='ocrx_word' id='word_1_180' title='bbox 396 1909 498 1957; x_wconf 84' lang='lat' dir='ltr'>earmina</span> <span class='ocrx_word' id='word_1_181' title='bbox 515 1925 563 1957; x_wconf 89' lang='lat' dir='ltr'>non</span> <span class='ocrx_word' id='word_1_182' title='bbox 581 1925 658 1974; x_wconf 83' lang='lat' dir='ltr'>pauca</span> <span class='ocrx_word' id='word_1_183' title='bbox 674 1909 804 1958; x_wconf 84' lang='lat' dir='ltr'>memoriter</span> <span class='ocrx_word' id='word_1_184' title='bbox 823 1909 974 1972; x_wconf 84' lang='lat' dir='ltr'>pmnnntiata</span> <span class='ocrx_word' id='word_1_185' title='bbox 992 1917 1056 1967; x_wconf 88' lang='lat' dir='ltr'>sunt,</span> <span class='ocrx_word' id='word_1_186' title='bbox 1074 1917 1099 1958; x_wconf 89' lang='lat' dir='ltr'>et</span> <span class='ocrx_word' id='word_1_187' title='bbox 1114 1909 1207 1959; x_wconf 90' lang='lat' dir='ltr'>Solonis</span> 
     </span>
     <span class='ocr_line' id='line_1_18' title="bbox 120 1989 1209 2054; baseline -0.002 -16"><span class='ocrx_word' id='word_1_188' title='bbox 120 2005 197 2038; x_wconf 80' lang='lat' dir='ltr'>sersus</span> <span class='ocrx_word' id='word_1_189' title='bbox 207 2005 221 2036; x_wconf 97' lang='lat' dir='ltr'>a</span> <span class='ocrx_word' id='word_1_190' title='bbox 232 1989 338 2053; x_wconf 79' lang='lat' dir='ltr'>piurimis</span> <span class='ocrx_word' id='word_1_191' title='bbox 355 2005 488 2053; x_wconf 85' lang='lat' dir='ltr'>puerorum,</span> <span class='ocrx_word' id='word_1_192' title='bbox 506 1999 590 2053; x_wconf 79' lang='lat' dir='ltr'>utpote</span> <span class='ocrx_word' id='word_1_193' title='bbox 606 1991 734 2038; x_wconf 83' lang='lat' dir='ltr'>novitatem</span> <span class='ocrx_word' id='word_1_194' title='bbox 752 1991 869 2054; x_wconf 62' lang='lat' dir='ltr'>poematis</span> <span class='ocrx_word' id='word_1_195' title='bbox 888 1991 1064 2047; x_wconf 71' lang='lat' dir='ltr'>admirantibus,</span> <span class='ocrx_word' id='word_1_196' title='bbox 1080 1991 1209 2038; x_wconf 88' lang='lat' dir='ltr'>decantati.</span> 
     </span>
     <span class='ocr_line' id='line_1_19' title="bbox 122 2071 1210 2136; baseline 0.003 -20"><span class='ocrx_word' id='word_1_197' title='bbox 122 2079 168 2118; x_wconf 86' lang='lat' dir='ltr'>tum</span> <span class='ocrx_word' id='word_1_198' title='bbox 178 2071 316 2118; x_wconf 73' lang='lat' dir='ltr'>eontmbulis</span> <span class='ocrx_word' id='word_1_199' title='bbox 332 2071 439 2134; x_wconf 88' lang='lat' dir='ltr'>qnidam,</span> <span class='ocrx_word' id='word_1_200' title='bbox 453 2087 494 2120; x_wconf 87' lang='lat' dir='ltr'>seu</span> <span class='ocrx_word' id='word_1_201' title='bbox 511 2073 576 2135; x_wconf 91' lang='lat' dir='ltr'>qnod</span> <span class='ocrx_word' id='word_1_202' title='bbox 594 2072 625 2120; x_wconf 91' lang='lat' dir='ltr'>ita</span> <span class='ocrx_word' id='word_1_203' title='bbox 634 2071 761 2135; x_wconf 86' lang='lat' dir='ltr'>judicaret,</span> <span class='ocrx_word' id='word_1_204' title='bbox 778 2073 827 2120; x_wconf 85' lang='lat' dir='ltr'>sire</span> <span class='ocrx_word' id='word_1_205' title='bbox 843 2073 907 2136; x_wconf 90' lang='lat' dir='ltr'>quod</span> <span class='ocrx_word' id='word_1_206' title='bbox 924 2071 1004 2121; x_wconf 78' lang='lat' dir='ltr'>Critiae</span> <span class='ocrx_word' id='word_1_207' title='bbox 1021 2071 1120 2120; x_wconf 87' lang='lat' dir='ltr'>blandiri</span> <span class='ocrx_word' id='word_1_208' title='bbox 1130 2072 1210 2130; x_wconf 82' lang='lat' dir='ltr'>vellet,</span> 
     </span>
     <span class='ocr_line' id='line_1_20' title="bbox 121 2152 1209 2217; baseline 0.002 -19"><span class='ocrx_word' id='word_1_209' title='bbox 121 2152 193 2200; x_wconf 86' lang='lat' dir='ltr'>ridcn&#39;</span> <span class='ocrx_word' id='word_1_210' title='bbox 203 2152 250 2200; x_wconf 91' lang='lat' dir='ltr'>sibi</span> <span class='ocrx_word' id='word_1_211' title='bbox 261 2154 338 2216; x_wconf 89' lang='lat' dir='ltr'>inquit</span> <span class='ocrx_word' id='word_1_212' title='bbox 347 2169 400 2201; x_wconf 90' lang='lat' dir='ltr'>cum</span> <span class='ocrx_word' id='word_1_213' title='bbox 412 2154 436 2200; x_wconf 89' lang='lat' dir='ltr'>in</span> <span class='ocrx_word' id='word_1_214' title='bbox 447 2153 531 2201; x_wconf 84' lang='lat' dir='ltr'>ceteris</span> <span class='ocrx_word' id='word_1_215' title='bbox 541 2154 736 2217; x_wconf 83' lang='lat' dir='ltr'>sapientissimum</span> <span class='ocrx_word' id='word_1_216' title='bbox 755 2154 827 2202; x_wconf 89' lang='lat' dir='ltr'>luisse</span> <span class='ocrx_word' id='word_1_217' title='bbox 837 2153 957 2208; x_wconf 81' lang='lat' dir='ltr'>Solonem,</span> <span class='ocrx_word' id='word_1_218' title='bbox 974 2161 1024 2200; x_wconf 89' lang='lat' dir='ltr'>tum</span> <span class='ocrx_word' id='word_1_219' title='bbox 1033 2153 1058 2200; x_wconf 90' lang='lat' dir='ltr'>in</span> <span class='ocrx_word' id='word_1_220' title='bbox 1069 2153 1209 2202; x_wconf 86' lang='lat' dir='ltr'>carminibus</span> 
     </span>
     <span class='ocr_line' id='line_1_21' title="bbox 120 2232 1211 2296; baseline 0 -16"><span class='ocrx_word' id='word_1_221' title='bbox 120 2232 242 2294; x_wconf 83' lang='lat' dir='ltr'>po&#39;e&#39;tsrnm</span> <span class='ocrx_word' id='word_1_222' title='bbox 253 2234 357 2281; x_wconf 86' lang='lat' dir='ltr'>omnium</span> <span class='ocrx_word' id='word_1_223' title='bbox 375 2235 586 2296; x_wconf 77' lang='lat' dir='ltr'>gemmosissimum.</span> <span class='ocrx_word' id='word_1_224' title='bbox 602 2236 637 2282; x_wconf 88' lang='lat' dir='ltr'>bis</span> <span class='ocrx_word' id='word_1_225' title='bbox 656 2236 740 2290; x_wconf 86' lang='lat' dir='ltr'>serbis,</span> <span class='ocrx_word' id='word_1_226' title='bbox 757 2243 784 2283; x_wconf 95' lang='lat' dir='ltr'>ut</span> <span class='ocrx_word' id='word_1_227' title='bbox 794 2243 855 2283; x_wconf 87' lang='lat' dir='ltr'>recte</span> <span class='ocrx_word' id='word_1_228' title='bbox 867 2234 969 2290; x_wconf 85' lang='lat' dir='ltr'>memini,</span> <span class='ocrx_word' id='word_1_229' title='bbox 987 2235 1055 2282; x_wconf 85' lang='lat' dir='ltr'>valde</span> <span class='ocrx_word' id='word_1_230' title='bbox 1065 2235 1157 2282; x_wconf 76' lang='lat' dir='ltr'>lactatus</span> <span class='ocrx_word' id='word_1_231' title='bbox 1174 2241 1211 2282; x_wconf 86' lang='lat' dir='ltr'>est</span> 
     </span>
     <span class='ocr_line' id='line_1_22' title="bbox 121 2315 1210 2380; baseline 0 -18"><span class='ocrx_word' id='word_1_232' title='bbox 121 2329 200 2370; x_wconf 80' lang='lat' dir='ltr'>sesses,</span> <span class='ocrx_word' id='word_1_233' title='bbox 211 2323 281 2378; x_wconf 86' lang='lat' dir='ltr'>atque</span> <span class='ocrx_word' id='word_1_234' title='bbox 291 2315 324 2362; x_wconf 90' lang='lat' dir='ltr'>its</span> <span class='ocrx_word' id='word_1_235' title='bbox 335 2315 414 2363; x_wconf 88' lang='lat' dir='ltr'>ridens</span> <span class='ocrx_word' id='word_1_236' title='bbox 426 2316 500 2380; x_wconf 88' lang='lat' dir='ltr'>inquit</span> <span class='ocrx_word' id='word_1_237' title='bbox 511 2333 516 2362; x_wconf 88' lang='lat'>:</span> <span class='ocrx_word' id='word_1_238' title='bbox 534 2317 559 2364; x_wconf 87' lang='lat' dir='ltr'>Si</span> <span class='ocrx_word' id='word_1_239' title='bbox 569 2315 653 2372; x_wconf 79' lang='lat' dir='ltr'>Solon,</span> <span class='ocrx_word' id='word_1_240' title='bbox 664 2333 679 2364; x_wconf 88' lang='lat' dir='ltr'>o</span> <span class='ocrx_word' id='word_1_241' title='bbox 691 2315 845 2372; x_wconf 84' lang='lat' dir='ltr'>riminsnder,</span> <span class='ocrx_word' id='word_1_242' title='bbox 853 2331 901 2362; x_wconf 89' lang='lat' dir='ltr'>non</span> <span class='ocrx_word' id='word_1_243' title='bbox 913 2322 1003 2363; x_wconf 79' lang='lat' dir='ltr'>mamm</span> <span class='ocrx_word' id='word_1_244' title='bbox 1011 2315 1130 2364; x_wconf 85' lang='lat' dir='ltr'>relaxandi</span> <span class='ocrx_word' id='word_1_245' title='bbox 1137 2315 1210 2363; x_wconf 90' lang='lat' dir='ltr'>animi</span> 
     </span>
     <span class='ocr_line' id='line_1_23' title="bbox 122 2395 1210 2466; baseline 0.001 -23"><span class='ocrx_word' id='word_1_246' title='bbox 122 2397 206 2458; x_wconf 57' lang='lat' dir='ltr'>gratim</span> <span class='ocrx_word' id='word_1_247' title='bbox 217 2397 259 2444; x_wconf 89' lang='lat' dir='ltr'>sed</span> <span class='ocrx_word' id='word_1_248' title='bbox 271 2395 349 2444; x_wconf 88' lang='lat' dir='ltr'>desiits</span> <span class='ocrx_word' id='word_1_249' title='bbox 365 2413 437 2462; x_wconf 89' lang='lat' dir='ltr'>opcsa</span> <span class='ocrx_word' id='word_1_250' title='bbox 455 2398 570 2462; x_wconf 84' lang='lat' dir='ltr'>serioque,</span> <span class='ocrx_word' id='word_1_251' title='bbox 588 2398 649 2447; x_wconf 88' lang='lat' dir='ltr'>sicut</span> <span class='ocrx_word' id='word_1_252' title='bbox 664 2398 713 2453; x_wconf 90' lang='lat' dir='ltr'>alii,</span> <span class='ocrx_word' id='word_1_253' title='bbox 726 2395 818 2466; x_wconf 72' lang='grc' dir='ltr'>ροὲιίω</span> <span class='ocrx_word' id='word_1_254' title='bbox 835 2405 897 2444; x_wconf 83' lang='lat' dir='ltr'>osset</span> <span class='ocrx_word' id='word_1_255' title='bbox 914 2403 1015 2453; x_wconf 75' lang='lat' dir='ltr'>secamus,</span> <span class='ocrx_word' id='word_1_256' title='bbox 1027 2397 1064 2445; x_wconf 89' lang='lat' dir='ltr'>sel</span> <span class='ocrx_word' id='word_1_257' title='bbox 1081 2397 1210 2454; x_wconf 83' lang='lat' dir='ltr'>historiam,</span> 
     </span>
     <span class='ocr_line' id='line_1_24' title="bbox 121 2477 1209 2543; baseline 0.003 -20"><span class='ocrx_word' id='word_1_258' title='bbox 121 2491 196 2539; x_wconf 87' lang='lat' dir='ltr'>quam</span> <span class='ocrx_word' id='word_1_259' title='bbox 206 2477 237 2523; x_wconf 89' lang='lat' dir='ltr'>ab</span> <span class='ocrx_word' id='word_1_260' title='bbox 249 2477 353 2541; x_wconf 74' lang='lat' dir='ltr'>Egypto</span> <span class='ocrx_word' id='word_1_261' title='bbox 363 2493 468 2527; x_wconf 85' lang='lat' dir='ltr'>resersus</span> <span class='ocrx_word' id='word_1_262' title='bbox 477 2479 620 2532; x_wconf 87' lang='lat' dir='ltr'>instituerat.</span> <span class='ocrx_word' id='word_1_263' title='bbox 631 2479 779 2540; x_wconf 75' lang='lat' dir='ltr'>absolvisset,</span> <span class='ocrx_word' id='word_1_264' title='bbox 789 2493 804 2524; x_wconf 97' lang='lat' dir='ltr'>a</span> <span class='ocrx_word' id='word_1_265' title='bbox 814 2494 863 2543; x_wconf 91' lang='lat' dir='ltr'>qua</span> <span class='ocrx_word' id='word_1_266' title='bbox 872 2478 969 2542; x_wconf 79' lang='lat' dir='ltr'>quidum</span> <span class='ocrx_word' id='word_1_267' title='bbox 980 2478 1136 2526; x_wconf 84' lang='lat' dir='ltr'>seditionibus</span> <span class='ocrx_word' id='word_1_268' title='bbox 1146 2483 1209 2526; x_wconf 86' lang='lat' dir='ltr'>cete·</span> 
     </span>
     <span class='ocr_line' id='line_1_25' title="bbox 121 2547 1211 2623; baseline 0.001 -18"><span class='ocrx_word' id='word_1_269' title='bbox 121 2558 202 2622; x_wconf 85' lang='lat' dir='ltr'>risque</span> <span class='ocrx_word' id='word_1_270' title='bbox 212 2558 312 2606; x_wconf 81' lang='lat' dir='ltr'>civitatis</span> <span class='ocrx_word' id='word_1_271' title='bbox 317 2559 427 2608; x_wconf 82' lang='lat' dir='ltr'>fluctibus</span> <span class='ocrx_word' id='word_1_272' title='bbox 433 2560 570 2608; x_wconf 83' lang='lat' dir='ltr'>deturbatus</span> <span class='ocrx_word' id='word_1_273' title='bbox 578 2561 656 2608; x_wconf 89' lang='lat' dir='ltr'>medio</span> <span class='ocrx_word' id='word_1_274' title='bbox 665 2560 690 2606; x_wconf 88' lang='lat' dir='ltr'>in</span> <span class='ocrx_word' id='word_1_275' title='bbox 698 2575 767 2608; x_wconf 83' lang='lat' dir='ltr'>eumn</span> <span class='ocrx_word' id='word_1_276' title='bbox 776 2558 867 2607; x_wconf 68' lang='lat' dir='ltr'>destith</span> <span class='ocrx_word' id='word_1_277' title='bbox 877 2577 882 2604; x_wconf 95' lang='lat'><strong>:</strong></span> <span class='ocrx_word' id='word_1_278' title='bbox 895 2575 940 2606; x_wconf 85' lang='lat' dir='ltr'>nec</span> <span class='ocrx_word' id='word_1_279' title='bbox 947 2558 1050 2608; x_wconf 88' lang='lat' dir='ltr'>Homero</span> <span class='ocrx_word' id='word_1_280' title='bbox 1058 2547 1211 2623; x_wconf 74' lang='lat' dir='ltr'>Hesioneque</span> 
     </span>
     <span class='ocr_line' id='line_1_26' title="bbox 120 2639 1212 2705; baseline 0.004 -19"><span class='ocrx_word' id='word_1_281' title='bbox 120 2654 169 2688; x_wconf 84' lang='lat' dir='ltr'>neu</span> <span class='ocrx_word' id='word_1_282' title='bbox 178 2639 226 2687; x_wconf 88' lang='lat' dir='ltr'>alio</span> <span class='ocrx_word' id='word_1_283' title='bbox 236 2655 352 2703; x_wconf 89' lang='lat' dir='ltr'>quoquam</span> <span class='ocrx_word' id='word_1_284' title='bbox 364 2641 496 2705; x_wconf 71' lang='lat' dir='ltr'>podtamm,</span> <span class='ocrx_word' id='word_1_285' title='bbox 513 2651 540 2688; x_wconf 92' lang='lat' dir='ltr'>ut</span> <span class='ocrx_word' id='word_1_286' title='bbox 550 2642 643 2704; x_wconf 87' lang='lat' dir='ltr'>opinor,</span> <span class='ocrx_word' id='word_1_287' title='bbox 658 2641 753 2690; x_wconf 81' lang='lat' dir='ltr'>inierim</span> <span class='ocrx_word' id='word_1_288' title='bbox 763 2641 898 2692; x_wconf 80' lang='lat' dir='ltr'>exstitisset.</span> <span class='ocrx_word' id='word_1_289' title='bbox 931 2641 971 2688; x_wconf 85' lang='lat' dir='ltr'>Ad</span> <span class='ocrx_word' id='word_1_290' title='bbox 981 2641 1031 2689; x_wconf 80' lang='lat' dir='ltr'>hnc</span> <span class='ocrx_word' id='word_1_291' title='bbox 1042 2641 1082 2689; x_wconf 88' lang='lat' dir='ltr'>ilie</span> <span class='ocrx_word' id='word_1_292' title='bbox 1092 2658 1098 2688; x_wconf 78' lang='grc' dir='ltr'><strong><em>ε</em></strong></span> <span class='ocrx_word' id='word_1_293' title='bbox 1115 2640 1171 2698; x_wconf 88' lang='lat' dir='ltr'>Qua</span> <span class='ocrx_word' id='word_1_294' title='bbox 1181 2642 1212 2690; x_wconf 86' lang='lat' dir='ltr'>de</span> 
     </span>
     <span class='ocr_line' id='line_1_27' title="bbox 118 2719 1211 2787; baseline 0.002 -19"><span class='ocrx_word' id='word_1_295' title='bbox 118 2737 154 2775; x_wconf 76' lang='lat' dir='ltr'>se,</span> <span class='ocrx_word' id='word_1_296' title='bbox 166 2737 179 2769; x_wconf 87' lang='lat' dir='ltr'>c</span> <span class='ocrx_word' id='word_1_297' title='bbox 191 2719 277 2778; x_wconf 87' lang='lat' dir='ltr'>Critis,</span> <span class='ocrx_word' id='word_1_298' title='bbox 288 2731 385 2771; x_wconf 88' lang='lat' dir='ltr'>tractare</span> <span class='ocrx_word' id='word_1_299' title='bbox 395 2723 468 2771; x_wconf 82' lang='lat' dir='ltr'>Solon</span> <span class='ocrx_word' id='word_1_300' title='bbox 478 2723 595 2770; x_wconf 79' lang='lat' dir='ltr'>instituit?</span> <span class='ocrx_word' id='word_1_301' title='bbox 617 2723 659 2770; x_wconf 88' lang='lat' dir='ltr'>So.</span> <span class='ocrx_word' id='word_1_302' title='bbox 676 2721 716 2774; x_wconf 91' lang='lat' dir='ltr'>Da</span> <span class='ocrx_word' id='word_1_303' title='bbox 727 2721 843 2778; x_wconf 82' lang='lat' dir='ltr'>maximis,</span> <span class='ocrx_word' id='word_1_304' title='bbox 854 2722 939 2787; x_wconf 92' lang='lat' dir='ltr'>inquit,</span> <span class='ocrx_word' id='word_1_305' title='bbox 949 2723 1018 2770; x_wconf 86' lang='lat' dir='ltr'>rebus</span> <span class='ocrx_word' id='word_1_306' title='bbox 1026 2723 1056 2770; x_wconf 89' lang='lat' dir='ltr'>ab</span> <span class='ocrx_word' id='word_1_307' title='bbox 1066 2723 1211 2770; x_wconf 83' lang='lat' dir='ltr'>haccisitate</span> 
     </span>
     <span class='ocr_line' id='line_1_28' title="bbox 118 2801 1210 2868; baseline 0 -18"><span class='ocrx_word' id='word_1_308' title='bbox 118 2802 241 2866; x_wconf 87' lang='lat' dir='ltr'>quondam</span> <span class='ocrx_word' id='word_1_309' title='bbox 259 2804 341 2868; x_wconf 73' lang='lat' dir='ltr'>gestis,</span> <span class='ocrx_word' id='word_1_310' title='bbox 351 2819 451 2867; x_wconf 85' lang='lat' dir='ltr'>quarum</span> <span class='ocrx_word' id='word_1_311' title='bbox 460 2805 572 2852; x_wconf 81' lang='lat' dir='ltr'>memoria</span> <span class='ocrx_word' id='word_1_312' title='bbox 582 2803 646 2866; x_wconf 85' lang='lat' dir='ltr'>apud</span> <span class='ocrx_word' id='word_1_313' title='bbox 663 2817 708 2850; x_wconf 90' lang='lat' dir='ltr'>nos</span> <span class='ocrx_word' id='word_1_314' title='bbox 716 2804 830 2867; x_wconf 87' lang='lat' dir='ltr'>temporis</span> <span class='ocrx_word' id='word_1_315' title='bbox 845 2801 997 2851; x_wconf 87' lang='lat' dir='ltr'>diutumitate</span> <span class='ocrx_word' id='word_1_316' title='bbox 1014 2811 1038 2852; x_wconf 89' lang='lat' dir='ltr'>et</span> <span class='ocrx_word' id='word_1_317' title='bbox 1055 2803 1149 2851; x_wconf 85' lang='lat' dir='ltr'>interitu</span> <span class='ocrx_word' id='word_1_318' title='bbox 1167 2804 1210 2850; x_wconf 92' lang='lat' dir='ltr'>hc·</span> 
     </span>
     <span class='ocr_line' id='line_1_29' title="bbox 117 2883 1210 2949; baseline 0 -17"><span class='ocrx_word' id='word_1_319' title='bbox 117 2885 209 2932; x_wconf 75' lang='lat' dir='ltr'>minum</span> <span class='ocrx_word' id='word_1_320' title='bbox 225 2886 342 2934; x_wconf 74' lang='lat' dir='ltr'>essfincta</span> <span class='ocrx_word' id='word_1_321' title='bbox 352 2893 398 2935; x_wconf 86' lang='lat' dir='ltr'>est.</span> <span class='ocrx_word' id='word_1_322' title='bbox 429 2885 486 2940; x_wconf 89' lang='lat' dir='ltr'>Dic,</span> <span class='ocrx_word' id='word_1_323' title='bbox 513 2901 603 2949; x_wconf 79' lang='lat' dir='ltr'>quasso,</span> <span class='ocrx_word' id='word_1_324' title='bbox 620 2885 706 2948; x_wconf 90' lang='lat' dir='ltr'>inquit,</span> <span class='ocrx_word' id='word_1_325' title='bbox 724 2883 833 2946; x_wconf 83' lang='lat' dir='ltr'>ocritin,</span> <span class='ocrx_word' id='word_1_326' title='bbox 851 2883 910 2947; x_wconf 88' lang='lat' dir='ltr'>quid</span> <span class='ocrx_word' id='word_1_327' title='bbox 928 2884 987 2931; x_wconf 92' lang='lat' dir='ltr'>iilud</span> <span class='ocrx_word' id='word_1_328' title='bbox 1005 2899 1073 2948; x_wconf 86' lang='lat' dir='ltr'>opus,</span> <span class='ocrx_word' id='word_1_329' title='bbox 1100 2892 1125 2931; x_wconf 86' lang='lat' dir='ltr'>et</span> <span class='ocrx_word' id='word_1_330' title='bbox 1150 2900 1210 2948; x_wconf 89' lang='lat' dir='ltr'>qno·</span> 
     </span>
     <span class='ocr_line' id='line_1_30' title="bbox 119 2957 1211 3030; baseline -0.002 -16"><span class='ocrx_word' id='word_1_331' title='bbox 119 2968 289 3026; x_wconf 73' lang='lat' dir='ltr'>musseium,</span> <span class='ocrx_word' id='word_1_332' title='bbox 301 2975 327 3014; x_wconf 87' lang='lat' dir='ltr'>et</span> <span class='ocrx_word' id='word_1_333' title='bbox 343 2981 358 3014; x_wconf 88' lang='lat' dir='ltr'>a</span> <span class='ocrx_word' id='word_1_334' title='bbox 375 2968 459 3030; x_wconf 89' lang='lat' dir='ltr'>quibus</span> <span class='ocrx_word' id='word_1_335' title='bbox 477 2967 593 3027; x_wconf 90' lang='lat' dir='ltr'>habitum,</span> <span class='ocrx_word' id='word_1_336' title='bbox 611 2975 725 3030; x_wconf 82' lang='lat' dir='ltr'>tanquam</span> <span class='ocrx_word' id='word_1_337' title='bbox 743 2981 824 3014; x_wconf 86' lang='lat' dir='ltr'>serum</span> <span class='ocrx_word' id='word_1_338' title='bbox 842 2965 914 3014; x_wconf 84' lang='lat' dir='ltr'>Solon</span> <span class='ocrx_word' id='word_1_339' title='bbox 932 2957 1049 3019; x_wconf 73' lang='lat' dir='ltr'>narrabat.</span> <span class='ocrx_word' id='word_1_340' title='bbox 1082 2965 1142 3014; x_wconf 85' lang='lat' dir='ltr'>Car.</span> <span class='ocrx_word' id='word_1_341' title='bbox 1160 2965 1211 3021; x_wconf 84' lang='lat' dir='ltr'>Est,</span> 
     </span>
     <span class='ocr_line' id='line_1_31' title="bbox 117 3045 1211 3118; baseline -0.003 -23"><span class='ocrx_word' id='word_1_342' title='bbox 117 3047 331 3114; x_wconf 74' lang='lat' dir='ltr'>inquit,.AEgypti</span> <span class='ocrx_word' id='word_1_343' title='bbox 348 3049 413 3114; x_wconf 77' lang='lat' dir='ltr'>regio</span> <span class='ocrx_word' id='word_1_344' title='bbox 431 3048 513 3104; x_wconf 89' lang='lat' dir='ltr'>Delta,</span> <span class='ocrx_word' id='word_1_345' title='bbox 524 3049 593 3112; x_wconf 86' lang='lat' dir='ltr'>cujus</span> <span class='ocrx_word' id='word_1_346' title='bbox 610 3064 623 3096; x_wconf 88' lang='lat' dir='ltr'>e</span> <span class='ocrx_word' id='word_1_347' title='bbox 643 3049 729 3096; x_wconf 81' lang='lat' dir='ltr'>vertice</span> <span class='ocrx_word' id='word_1_348' title='bbox 745 3047 882 3096; x_wconf 87' lang='lat' dir='ltr'>scinduntur</span> <span class='ocrx_word' id='word_1_349' title='bbox 892 3045 944 3093; x_wconf 84' lang='lat' dir='ltr'>Nili</span> <span class='ocrx_word' id='word_1_350' title='bbox 960 3046 1055 3093; x_wconf 85' lang='lat' dir='ltr'>fluenta.</span> <span class='ocrx_word' id='word_1_351' title='bbox 1071 3047 1123 3110; x_wconf 88' lang='lat' dir='ltr'>ejus</span> <span class='ocrx_word' id='word_1_352' title='bbox 1133 3045 1211 3118; x_wconf 83' lang='lat' dir='ltr'>campi</span> 
     </span>
     <span class='ocr_line' id='line_1_32' title="bbox 116 3127 1211 3193; baseline -0.002 -17"><span class='ocrx_word' id='word_1_353' title='bbox 116 3129 210 3177; x_wconf 79' lang='lat' dir='ltr'>Saitica</span> <span class='ocrx_word' id='word_1_354' title='bbox 219 3145 308 3193; x_wconf 84' lang='lat' dir='ltr'>pasena</span> <span class='ocrx_word' id='word_1_355' title='bbox 318 3129 476 3178; x_wconf 86' lang='lat' dir='ltr'>nominantur.</span> <span class='ocrx_word' id='word_1_356' title='bbox 492 3130 517 3176; x_wconf 89' lang='lat' dir='ltr'>iu</span> <span class='ocrx_word' id='word_1_357' title='bbox 528 3130 613 3193; x_wconf 90' lang='lat' dir='ltr'>quibus</span> <span class='ocrx_word' id='word_1_358' title='bbox 624 3129 726 3178; x_wconf 87' lang='lat' dir='ltr'>masima</span> <span class='ocrx_word' id='word_1_359' title='bbox 735 3129 818 3177; x_wconf 78' lang='lat' dir='ltr'>civitas</span> <span class='ocrx_word' id='word_1_360' title='bbox 829 3135 873 3184; x_wconf 84' lang='lat' dir='ltr'>est,</span> <span class='ocrx_word' id='word_1_361' title='bbox 883 3141 954 3190; x_wconf 88' lang='lat' dir='ltr'>quam</span> <span class='ocrx_word' id='word_1_362' title='bbox 961 3127 1025 3174; x_wconf 86' lang='lat' dir='ltr'>Saim</span> <span class='ocrx_word' id='word_1_363' title='bbox 1033 3135 1118 3175; x_wconf 75' lang='lat' dir='ltr'>socam</span> <span class='ocrx_word' id='word_1_364' title='bbox 1128 3145 1134 3174; x_wconf 78' lang='grc' dir='ltr'><strong>ι</strong></span> <span class='ocrx_word' id='word_1_365' title='bbox 1146 3127 1211 3174; x_wconf 90' lang='lat' dir='ltr'>unde</span> 
     </span>
     <span class='ocr_line' id='line_1_33' title="bbox 116 3205 1211 3274; baseline -0.002 -17"><span class='ocrx_word' id='word_1_366' title='bbox 116 3209 218 3258; x_wconf 81' lang='lat' dir='ltr'>Amasis</span> <span class='ocrx_word' id='word_1_367' title='bbox 228 3211 275 3258; x_wconf 84' lang='lat' dir='ltr'>luit</span> <span class='ocrx_word' id='word_1_368' title='bbox 291 3227 338 3259; x_wconf 82' lang='lat' dir='ltr'>res.</span> <span class='ocrx_word' id='word_1_369' title='bbox 355 3211 418 3259; x_wconf 88' lang='lat' dir='ltr'>urbis</span> <span class='ocrx_word' id='word_1_370' title='bbox 433 3210 486 3274; x_wconf 83' lang='lat' dir='ltr'>ejus</span> <span class='ocrx_word' id='word_1_371' title='bbox 504 3211 621 3258; x_wconf 74' lang='lat' dir='ltr'>fundatrix</span> <span class='ocrx_word' id='word_1_372' title='bbox 632 3209 688 3257; x_wconf 87' lang='lat' dir='ltr'>Dea</span> <span class='ocrx_word' id='word_1_373' title='bbox 703 3209 757 3264; x_wconf 82' lang='lat' dir='ltr'>tuit,</span> <span class='ocrx_word' id='word_1_374' title='bbox 777 3225 846 3273; x_wconf 86' lang='lat' dir='ltr'>qnam</span> <span class='ocrx_word' id='word_1_375' title='bbox 866 3207 977 3270; x_wconf 72' lang='lat' dir='ltr'>AEgyptii</span> <span class='ocrx_word' id='word_1_376' title='bbox 993 3206 1113 3262; x_wconf 81' lang='lat' dir='ltr'>Ncithem,</span> <span class='ocrx_word' id='word_1_377' title='bbox 1133 3205 1211 3255; x_wconf 71' lang='lat' dir='ltr'>Greci</span> 
     </span>
     <span class='ocr_line' id='line_1_34' title="bbox 114 3287 1211 3355; baseline -0.002 -17"><span class='ocrx_word' id='word_1_378' title='bbox 114 3287 248 3338; x_wconf 73' lang='lat' dir='ltr'>Athamana</span> <span class='ocrx_word' id='word_1_379' title='bbox 256 3291 384 3339; x_wconf 85' lang='lat' dir='ltr'>nominant.</span> <span class='ocrx_word' id='word_1_380' title='bbox 400 3291 446 3354; x_wconf 88' lang='lat' dir='ltr'>ipsi</span> <span class='ocrx_word' id='word_1_381' title='bbox 457 3307 525 3355; x_wconf 89' lang='lat' dir='ltr'>porro</span> <span class='ocrx_word' id='word_1_382' title='bbox 536 3292 642 3340; x_wconf 86' lang='lat' dir='ltr'>homines</span> <span class='ocrx_word' id='word_1_383' title='bbox 662 3288 843 3339; x_wconf 77' lang='lat' dir='ltr'>Atheniensium</span> <span class='ocrx_word' id='word_1_384' title='bbox 861 3288 930 3336; x_wconf 87' lang='lat' dir='ltr'>amici</span> <span class='ocrx_word' id='word_1_385' title='bbox 949 3295 1011 3341; x_wconf 90' lang='lat' dir='ltr'>sunt,</span> <span class='ocrx_word' id='word_1_386' title='bbox 1030 3288 1109 3352; x_wconf 88' lang='lat' dir='ltr'>eisque</span> <span class='ocrx_word' id='word_1_387' title='bbox 1126 3302 1211 3350; x_wconf 76' lang='lat' dir='ltr'>genere</span> 
     </span>
     <span class='ocr_line' id='line_1_35' title="bbox 115 3351 1209 3438; baseline -0.005 -19"><span class='ocrx_word' id='word_1_388' title='bbox 115 3371 231 3436; x_wconf 83' lang='lat' dir='ltr'>quodam</span> <span class='ocrx_word' id='word_1_389' title='bbox 243 3351 378 3434; x_wconf 77' lang='lat' dir='ltr'>conjunctos</span> <span class='ocrx_word' id='word_1_390' title='bbox 387 3389 438 3421; x_wconf 88' lang='lat' dir='ltr'>esse</span> <span class='ocrx_word' id='word_1_391' title='bbox 450 3389 474 3422; x_wconf 85' lang='lat' dir='ltr'>se</span> <span class='ocrx_word' id='word_1_392' title='bbox 485 3373 621 3438; x_wconf 73' lang='lat' dir='ltr'>predicant.</span> <span class='ocrx_word' id='word_1_393' title='bbox 639 3387 687 3435; x_wconf 88' lang='lat' dir='ltr'>quo</span> <span class='ocrx_word' id='word_1_394' title='bbox 696 3369 768 3419; x_wconf 84' lang='lat' dir='ltr'>Solon</span> <span class='ocrx_word' id='word_1_395' title='bbox 778 3370 908 3434; x_wconf 83' lang='lat' dir='ltr'>proiectum</span> <span class='ocrx_word' id='word_1_396' title='bbox 918 3383 943 3416; x_wconf 87' lang='lat' dir='ltr'>se</span> <span class='ocrx_word' id='word_1_397' title='bbox 953 3367 1080 3416; x_wconf 86' lang='lat' dir='ltr'>honorifice</span> <span class='ocrx_word' id='word_1_398' title='bbox 1087 3375 1209 3431; x_wconf 85' lang='lat' dir='ltr'>acceptum</span> 
     </span>
     <span class='ocr_line' id='line_1_36' title="bbox 112 3449 1210 3514; baseline -0.004 -12"><span class='ocrx_word' id='word_1_399' title='bbox 112 3453 199 3502; x_wconf 75' lang='lat' dir='ltr'>usius</span> <span class='ocrx_word' id='word_1_400' title='bbox 211 3452 333 3501; x_wconf 72' lang='lat' dir='ltr'>referebat.</span> <span class='ocrx_word' id='word_1_401' title='bbox 348 3463 371 3503; x_wconf 91' lang='lat' dir='ltr'>et</span> <span class='ocrx_word' id='word_1_402' title='bbox 388 3471 442 3504; x_wconf 86' lang='lat' dir='ltr'>cum</span> <span class='ocrx_word' id='word_1_403' title='bbox 454 3455 485 3503; x_wconf 88' lang='lat' dir='ltr'>de</span> <span class='ocrx_word' id='word_1_404' title='bbox 502 3455 623 3503; x_wconf 79' lang='lat' dir='ltr'>vetustatis</span> <span class='ocrx_word' id='word_1_405' title='bbox 640 3453 751 3502; x_wconf 87' lang='lat' dir='ltr'>memoria</span> <span class='ocrx_word' id='word_1_406' title='bbox 767 3453 798 3499; x_wconf 94' lang='lat' dir='ltr'>ab</span> <span class='ocrx_word' id='word_1_407' title='bbox 816 3451 862 3498; x_wconf 92' lang='lat' dir='ltr'>illis</span> <span class='ocrx_word' id='word_1_408' title='bbox 872 3450 1039 3504; x_wconf 81' lang='lat' dir='ltr'>sacerdotibus,</span> <span class='ocrx_word' id='word_1_409' title='bbox 1058 3449 1115 3514; x_wconf 76' lang='lat'>[22]</span> <span class='ocrx_word' id='word_1_410' title='bbox 1133 3449 1210 3514; x_wconf 89' lang='lat' dir='ltr'>quiin</span> 
     </span>
     <span class='ocr_line' id='line_1_37' title="bbox 112 3519 1211 3600; baseline -0.005 -16"><span class='ocrx_word' id='word_1_411' title='bbox 112 3537 162 3584; x_wconf 83' lang='lat' dir='ltr'>bac</span> <span class='ocrx_word' id='word_1_412' title='bbox 175 3551 205 3582; x_wconf 86' lang='lat' dir='ltr'>re</span> <span class='ocrx_word' id='word_1_413' title='bbox 215 3541 341 3583; x_wconf 61' lang='lat' dir='ltr'>mromm</span> <span class='ocrx_word' id='word_1_414' title='bbox 360 3535 492 3600; x_wconf 73' lang='lat' dir='ltr'>peritissimi</span> <span class='ocrx_word' id='word_1_415' title='bbox 509 3544 584 3591; x_wconf 90' lang='lat' dir='ltr'>erant,</span> <span class='ocrx_word' id='word_1_416' title='bbox 594 3535 723 3599; x_wconf 80' lang='lat' dir='ltr'>qumsisset,</span> <span class='ocrx_word' id='word_1_417' title='bbox 739 3541 860 3598; x_wconf 74' lang='lat' dir='ltr'>expertum</span> <span class='ocrx_word' id='word_1_418' title='bbox 876 3549 901 3581; x_wconf 87' lang='lat' dir='ltr'>se</span> <span class='ocrx_word' id='word_1_419' title='bbox 921 3547 972 3580; x_wconf 84' lang='lat' dir='ltr'>osse</span> <span class='ocrx_word' id='word_1_420' title='bbox 989 3519 1083 3579; x_wconf 83' lang='lat' dir='ltr'>dicebat</span> <span class='ocrx_word' id='word_1_421' title='bbox 1098 3545 1175 3594; x_wconf 84' lang='lat' dir='ltr'>neque</span> <span class='ocrx_word' id='word_1_422' title='bbox 1187 3547 1211 3579; x_wconf 88' lang='lat' dir='ltr'>se</span> 
     </span>
     <span class='ocr_line' id='line_1_38' title="bbox 112 3613 1211 3681; baseline -0.005 -17"><span class='ocrx_word' id='word_1_423' title='bbox 112 3619 198 3681; x_wconf 84' lang='lat' dir='ltr'>ipsarum</span> <span class='ocrx_word' id='word_1_424' title='bbox 209 3631 290 3680; x_wconf 82' lang='lat' dir='ltr'>usqne</span> <span class='ocrx_word' id='word_1_425' title='bbox 309 3617 379 3666; x_wconf 90' lang='lat' dir='ltr'>alium</span> <span class='ocrx_word' id='word_1_426' title='bbox 399 3617 535 3666; x_wconf 70' lang='lat' dir='ltr'>Grmcorum</span> <span class='ocrx_word' id='word_1_427' title='bbox 556 3631 691 3681; x_wconf 87' lang='lat' dir='ltr'>quenquam</span> <span class='ocrx_word' id='word_1_428' title='bbox 701 3616 859 3680; x_wconf 73' lang='lat' dir='ltr'>cognitionem</span> <span class='ocrx_word' id='word_1_429' title='bbox 879 3613 1025 3678; x_wconf 85' lang='lat' dir='ltr'>antiquitatis</span> <span class='ocrx_word' id='word_1_430' title='bbox 1037 3613 1106 3659; x_wconf 92' lang='lat' dir='ltr'>ullam</span> <span class='ocrx_word' id='word_1_431' title='bbox 1117 3613 1211 3660; x_wconf 87' lang='lat' dir='ltr'>habere.</span> 
     </span>
     <span class='ocr_line' id='line_1_39' title="bbox 112 3692 1212 3763; baseline -0.005 -16"><span class='ocrx_word' id='word_1_432' title='bbox 112 3700 265 3763; x_wconf 80' lang='lat' dir='ltr'>quandoque</span> <span class='ocrx_word' id='word_1_433' title='bbox 276 3714 330 3746; x_wconf 83' lang='lat' dir='ltr'>sero</span> <span class='ocrx_word' id='word_1_434' title='bbox 341 3714 419 3746; x_wconf 88' lang='lat' dir='ltr'>coram</span> <span class='ocrx_word' id='word_1_435' title='bbox 431 3699 599 3752; x_wconf 86' lang='lat' dir='ltr'>sacerdotibus,</span> <span class='ocrx_word' id='word_1_436' title='bbox 610 3707 687 3746; x_wconf 85' lang='lat' dir='ltr'>utens</span> <span class='ocrx_word' id='word_1_437' title='bbox 697 3697 727 3744; x_wconf 90' lang='lat' dir='ltr'>ad</span> <span class='ocrx_word' id='word_1_438' title='bbox 738 3697 902 3744; x_wconf 86' lang='lat' dir='ltr'>snanarrsnda</span> <span class='ocrx_word' id='word_1_439' title='bbox 910 3701 1054 3759; x_wconf 80' lang='lat' dir='ltr'>provocaret,</span> <span class='ocrx_word' id='word_1_440' title='bbox 1061 3693 1091 3741; x_wconf 90' lang='lat' dir='ltr'>de</span> <span class='ocrx_word' id='word_1_441' title='bbox 1099 3692 1212 3755; x_wconf 88' lang='lat' dir='ltr'>antiquis·</span> 
     </span>
     <span class='ocr_line' id='line_1_40' title="bbox 113 3775 1211 3840; baseline -0.007 -12"><span class='ocrx_word' id='word_1_442' title='bbox 113 3780 186 3828; x_wconf 84' lang='lat' dir='ltr'>simis</span> <span class='ocrx_word' id='word_1_443' title='bbox 193 3779 244 3828; x_wconf 92' lang='lat' dir='ltr'>illis</span> <span class='ocrx_word' id='word_1_444' title='bbox 255 3780 402 3828; x_wconf 82' lang='lat' dir='ltr'>Athenarum</span> <span class='ocrx_word' id='word_1_445' title='bbox 411 3780 513 3828; x_wconf 83' lang='lat' dir='ltr'>historiis</span> <span class='ocrx_word' id='word_1_446' title='bbox 522 3781 590 3828; x_wconf 84' lang='lat' dir='ltr'>rerba</span> <span class='ocrx_word' id='word_1_447' title='bbox 597 3779 689 3836; x_wconf 88' lang='lat' dir='ltr'>iecisse,</span> <span class='ocrx_word' id='word_1_448' title='bbox 696 3779 819 3827; x_wconf 81' lang='lat' dir='ltr'>Phoroneo</span> <span class='ocrx_word' id='word_1_449' title='bbox 826 3778 899 3840; x_wconf 90' lang='lat' dir='ltr'>primo</span> <span class='ocrx_word' id='word_1_450' title='bbox 907 3785 930 3824; x_wconf 86' lang='lat' dir='ltr'>et</span> <span class='ocrx_word' id='word_1_451' title='bbox 937 3775 1025 3835; x_wconf 88' lang='lat' dir='ltr'>Niobe,</span> <span class='ocrx_word' id='word_1_452' title='bbox 1035 3783 1132 3839; x_wconf 83' lang='lat' dir='ltr'>postque</span> <span class='ocrx_word' id='word_1_453' title='bbox 1144 3775 1211 3821; x_wconf 92' lang='lat' dir='ltr'>inun-</span> 
     </span>
     <span class='ocr_line' id='line_1_41' title="bbox 110 3855 1211 3925; baseline -0.004 -17"><span class='ocrx_word' id='word_1_454' title='bbox 110 3861 241 3910; x_wconf 85' lang='lat' dir='ltr'>dationem</span> <span class='ocrx_word' id='word_1_455' title='bbox 252 3861 334 3908; x_wconf 88' lang='lat' dir='ltr'>mundi</span> <span class='ocrx_word' id='word_1_456' title='bbox 346 3861 377 3908; x_wconf 87' lang='lat' dir='ltr'>de</span> <span class='ocrx_word' id='word_1_457' title='bbox 388 3860 478 3925; x_wconf 83' lang='lat' dir='ltr'>Pyrrha</span> <span class='ocrx_word' id='word_1_458' title='bbox 495 3869 520 3908; x_wconf 91' lang='lat' dir='ltr'>et</span> <span class='ocrx_word' id='word_1_459' title='bbox 530 3860 678 3908; x_wconf 85' lang='lat' dir='ltr'>Deucalione</span> <span class='ocrx_word' id='word_1_460' title='bbox 688 3873 815 3924; x_wconf 81' lang='lat' dir='ltr'>eurumque</span> <span class='ocrx_word' id='word_1_461' title='bbox 828 3858 972 3922; x_wconf 85' lang='lat' dir='ltr'>posteritate,</span> <span class='ocrx_word' id='word_1_462' title='bbox 983 3858 1049 3905; x_wconf 83' lang='lat' dir='ltr'>etsie</span> <span class='ocrx_word' id='word_1_463' title='bbox 1060 3855 1211 3919; x_wconf 84' lang='lat' dir='ltr'>temporibus,</span> 
     </span>
     <span class='ocr_line' id='line_1_42' title="bbox 108 3936 1210 4006; baseline -0.007 -14"><span class='ocrx_word' id='word_1_464' title='bbox 108 3943 208 4006; x_wconf 84' lang='lat' dir='ltr'>quibus</span> <span class='ocrx_word' id='word_1_465' title='bbox 218 3943 313 4006; x_wconf 77' lang='lat' dir='ltr'>singula</span> <span class='ocrx_word' id='word_1_466' title='bbox 324 3942 483 4005; x_wconf 74' lang='lat' dir='ltr'>coaugemnt.</span> <span class='ocrx_word' id='word_1_467' title='bbox 500 3951 555 3990; x_wconf 89' lang='lat' dir='ltr'>tunc</span> <span class='ocrx_word' id='word_1_468' title='bbox 567 3958 595 3989; x_wconf 85' lang='lat' dir='ltr'>es</span> <span class='ocrx_word' id='word_1_469' title='bbox 613 3941 771 3990; x_wconf 88' lang='lat' dir='ltr'>sacerdotibus</span> <span class='ocrx_word' id='word_1_470' title='bbox 790 3941 906 4004; x_wconf 88' lang='lat' dir='ltr'>quendum</span> <span class='ocrx_word' id='word_1_471' title='bbox 918 3938 1029 4002; x_wconf 80' lang='lat' dir='ltr'>grandom</span> <span class='ocrx_word' id='word_1_472' title='bbox 1040 3943 1096 3984; x_wconf 89' lang='lat' dir='ltr'>natu</span> <span class='ocrx_word' id='word_1_473' title='bbox 1108 3936 1210 3985; x_wconf 76' lang='lat' dir='ltr'>dixisse:</span> 
     </span>
     <span class='ocr_line' id='line_1_43' title="bbox 108 4018 1213 4088; baseline -0.005 -16"><span class='ocrx_word' id='word_1_474' title='bbox 108 4025 133 4072; x_wconf 93' lang='grc'>0</span> <span class='ocrx_word' id='word_1_475' title='bbox 153 4023 344 4088; x_wconf 59' lang='lat' dir='ltr'>automatum,</span> <span class='ocrx_word' id='word_1_476' title='bbox 355 4022 434 4071; x_wconf 65' lang='lat' dir='ltr'>Greci</span> <span class='ocrx_word' id='word_1_477' title='bbox 453 4023 518 4087; x_wconf 85' lang='lat' dir='ltr'>pueri</span> <span class='ocrx_word' id='word_1_478' title='bbox 535 4039 626 4086; x_wconf 86' lang='lat' dir='ltr'>semper</span> <span class='ocrx_word' id='word_1_479' title='bbox 642 4024 707 4080; x_wconf 81' lang='lat' dir='ltr'>estis,</span> <span class='ocrx_word' id='word_1_480' title='bbox 724 4037 769 4069; x_wconf 87' lang='lat' dir='ltr'>noc</span> <span class='ocrx_word' id='word_1_481' title='bbox 780 4020 903 4084; x_wconf 86' lang='lat' dir='ltr'>quisquam</span> <span class='ocrx_word' id='word_1_482' title='bbox 921 4018 1040 4068; x_wconf 78' lang='lat' dir='ltr'>eGraecia</span> <span class='ocrx_word' id='word_1_483' title='bbox 1051 4035 1130 4066; x_wconf 78' lang='lat' dir='ltr'>senes.</span> <span class='ocrx_word' id='word_1_484' title='bbox 1164 4019 1213 4068; x_wconf 88' lang='lat' dir='ltr'>Cur</span> 
     </span>
     <span class='ocr_line' id='line_1_44' title="bbox 105 4099 1212 4174; baseline -0.007 -20"><span class='ocrx_word' id='word_1_485' title='bbox 105 4108 176 4156; x_wconf 86' lang='lat' dir='ltr'>istud</span> <span class='ocrx_word' id='word_1_486' title='bbox 188 4105 298 4157; x_wconf 83' lang='lat' dir='ltr'>diceret.</span> <span class='ocrx_word' id='word_1_487' title='bbox 308 4111 464 4166; x_wconf 84' lang='lat' dir='ltr'>percontante</span> <span class='ocrx_word' id='word_1_488' title='bbox 480 4104 574 4158; x_wconf 85' lang='lat' dir='ltr'>Scione,</span> <span class='ocrx_word' id='word_1_489' title='bbox 592 4101 738 4167; x_wconf 82' lang='lat' dir='ltr'>respondisse</span> <span class='ocrx_word' id='word_1_490' title='bbox 754 4100 915 4150; x_wconf 86' lang='lat' dir='ltr'>sacerdotem:</span> <span class='ocrx_word' id='word_1_491' title='bbox 934 4101 997 4160; x_wconf 85' lang='lat' dir='ltr'>Quis</span> <span class='ocrx_word' id='word_1_492' title='bbox 1010 4099 1105 4163; x_wconf 83' lang='lat' dir='ltr'>juvenis</span> <span class='ocrx_word' id='word_1_493' title='bbox 1121 4115 1212 4174; x_wconf 77' lang='lat' dir='ltr'>seniper</span> 
     </span>
     <span class='ocr_line' id='line_1_45' title="bbox 104 4181 1213 4252; baseline -0.006 -17"><span class='ocrx_word' id='word_1_494' title='bbox 104 4189 181 4238; x_wconf 85' lang='lat' dir='ltr'>robis</span> <span class='ocrx_word' id='word_1_495' title='bbox 189 4195 233 4235; x_wconf 86' lang='lat' dir='ltr'>est</span> <span class='ocrx_word' id='word_1_496' title='bbox 242 4185 345 4240; x_wconf 75' lang='lat' dir='ltr'>nimus,</span> <span class='ocrx_word' id='word_1_497' title='bbox 353 4185 378 4232; x_wconf 91' lang='lat' dir='ltr'>in</span> <span class='ocrx_word' id='word_1_498' title='bbox 389 4201 438 4250; x_wconf 90' lang='lat' dir='ltr'>quo</span> <span class='ocrx_word' id='word_1_499' title='bbox 448 4185 512 4234; x_wconf 76' lang='lat' dir='ltr'>nsdla</span> <span class='ocrx_word' id='word_1_500' title='bbox 528 4195 600 4234; x_wconf 88' lang='lat' dir='ltr'>estes</span> <span class='ocrx_word' id='word_1_501' title='bbox 612 4183 732 4233; x_wconf 67' lang='lat' dir='ltr'>retunsus</span> <span class='ocrx_word' id='word_1_502' title='bbox 739 4183 960 4231; x_wconf 84' lang='lat' dir='ltr'>commemoratione</span> <span class='ocrx_word' id='word_1_503' title='bbox 968 4181 1044 4246; x_wconf 87' lang='lat' dir='ltr'>prisca</span> <span class='ocrx_word' id='word_1_504' title='bbox 1052 4181 1213 4252; x_wconf 87' lang='lat' dir='ltr'>opinio,nuila</span> 
     </span>
     <span class='ocr_line' id='line_1_46' title="bbox 102 4263 1213 4331; baseline -0.011 -10"><span class='ocrx_word' id='word_1_505' title='bbox 102 4285 170 4320; x_wconf 81' lang='lat' dir='ltr'>uana</span> <span class='ocrx_word' id='word_1_506' title='bbox 191 4267 313 4318; x_wconf 57' lang='lat' dir='ltr'>muntia.</span> <span class='ocrx_word' id='word_1_507' title='bbox 339 4267 404 4330; x_wconf 87' lang='lat' dir='ltr'>quod</span> <span class='ocrx_word' id='word_1_508' title='bbox 424 4268 479 4315; x_wconf 88' lang='lat' dir='ltr'>ideo</span> <span class='ocrx_word' id='word_1_509' title='bbox 500 4267 566 4316; x_wconf 78' lang='lat' dir='ltr'>vobis</span> <span class='ocrx_word' id='word_1_510' title='bbox 584 4267 692 4331; x_wconf 78' lang='lat' dir='ltr'>contigit,</span> <span class='ocrx_word' id='word_1_511' title='bbox 711 4265 767 4330; x_wconf 88' lang='lat' dir='ltr'>quia</span> <span class='ocrx_word' id='word_1_512' title='bbox 786 4265 858 4312; x_wconf 85' lang='lat' dir='ltr'>muita</span> <span class='ocrx_word' id='word_1_513' title='bbox 877 4274 902 4313; x_wconf 91' lang='lat' dir='ltr'>et</span> <span class='ocrx_word' id='word_1_514' title='bbox 922 4264 984 4312; x_wconf 81' lang='lat' dir='ltr'>saria</span> <span class='ocrx_word' id='word_1_515' title='bbox 1002 4264 1123 4311; x_wconf 88' lang='lat' dir='ltr'>hominum</span> <span class='ocrx_word' id='word_1_516' title='bbox 1141 4263 1213 4310; x_wconf 84' lang='lat' dir='ltr'>eritis</span> 
     </span>
     <span class='ocr_line' id='line_1_47' title="bbox 100 4344 1212 4412; baseline -0.009 -12"><span class='ocrx_word' id='word_1_517' title='bbox 100 4354 217 4412; x_wconf 59' lang='lat' dir='ltr'>luserunt,</span> <span class='ocrx_word' id='word_1_518' title='bbox 222 4357 354 4411; x_wconf 84' lang='lat' dir='ltr'>eruntque.</span> <span class='ocrx_word' id='word_1_519' title='bbox 370 4349 471 4400; x_wconf 82' lang='lat' dir='ltr'>munima</span> <span class='ocrx_word' id='word_1_520' title='bbox 480 4349 575 4412; x_wconf 87' lang='lat' dir='ltr'>quidam</span> <span class='ocrx_word' id='word_1_521' title='bbox 586 4357 628 4397; x_wconf 87' lang='lat' dir='ltr'>aut</span> <span class='ocrx_word' id='word_1_522' title='bbox 637 4348 697 4412; x_wconf 82' lang='lat' dir='ltr'>ignis</span> <span class='ocrx_word' id='word_1_523' title='bbox 704 4347 885 4410; x_wconf 50' lang='lat' dir='ltr'>coniuratione</span> <span class='ocrx_word' id='word_1_524' title='bbox 895 4355 937 4394; x_wconf 89' lang='lat' dir='ltr'>aut</span> <span class='ocrx_word' id='word_1_525' title='bbox 947 4361 1013 4410; x_wconf 61' lang='lat' dir='ltr'>mum</span> <span class='ocrx_word' id='word_1_526' title='bbox 1021 4344 1212 4394; x_wconf 84' lang='lat' dir='ltr'>inundationibus</span> 
     </span>
     <span class='ocr_line' id='line_1_48' title="bbox 99 4423 1211 4498; baseline -0.009 -18"><span class='ocrx_word' id='word_1_527' title='bbox 99 4432 244 4498; x_wconf 82' lang='lat' dir='ltr'>provenire</span> <span class='ocrx_word' id='word_1_528' title='bbox 256 4444 355 4478; x_wconf 73' lang='lat' dir='ltr'>necem</span> <span class='ocrx_word' id='word_1_529' title='bbox 371 4437 417 4488; x_wconf 84' lang='lat' dir='ltr'>eat,</span> <span class='ocrx_word' id='word_1_530' title='bbox 427 4430 580 4478; x_wconf 83' lang='lat' dir='ltr'>minoravero</span> <span class='ocrx_word' id='word_1_531' title='bbox 592 4431 643 4478; x_wconf 90' lang='lat' dir='ltr'>aliia</span> <span class='ocrx_word' id='word_1_532' title='bbox 659 4428 802 4492; x_wconf 86' lang='lat' dir='ltr'>quibuslibet</span> <span class='ocrx_word' id='word_1_533' title='bbox 819 4428 989 4477; x_wconf 76' lang='lat' dir='ltr'>calamitatibus</span> <span class='ocrx_word' id='word_1_534' title='bbox 1000 4425 1058 4474; x_wconf 87' lang='lat' dir='ltr'>fieri.</span> <span class='ocrx_word' id='word_1_535' title='bbox 1076 4439 1131 4472; x_wconf 85' lang='lat' dir='ltr'>nans</span> <span class='ocrx_word' id='word_1_536' title='bbox 1147 4423 1211 4486; x_wconf 87' lang='lat' dir='ltr'>quod</span> 
     </span>
     <span class='ocr_line' id='line_1_49' title="bbox 96 4507 1212 4579; baseline -0.004 -19"><span class='ocrx_word' id='word_1_537' title='bbox 96 4516 170 4579; x_wconf 64' lang='lat' dir='ltr'>apud</span> <span class='ocrx_word' id='word_1_538' title='bbox 183 4528 238 4562; x_wconf 84' lang='lat' dir='ltr'>vos</span> <span class='ocrx_word' id='word_1_539' title='bbox 249 4511 333 4565; x_wconf 73' lang='lat' dir='ltr'>maur.</span> <span class='ocrx_word' id='word_1_540' title='bbox 345 4509 520 4560; x_wconf 63' lang='lat' dir='ltr'>Phaethontem</span> <span class='ocrx_word' id='word_1_541' title='bbox 530 4512 648 4576; x_wconf 88' lang='lat' dir='ltr'>quondam</span> <span class='ocrx_word' id='word_1_542' title='bbox 660 4509 720 4557; x_wconf 85' lang='lat' dir='ltr'>Solis</span> <span class='ocrx_word' id='word_1_543' title='bbox 730 4509 802 4558; x_wconf 89' lang='lat' dir='ltr'>tilium</span> <span class='ocrx_word' id='word_1_544' title='bbox 814 4525 892 4560; x_wconf 91' lang='lat' dir='ltr'>currus</span> <span class='ocrx_word' id='word_1_545' title='bbox 900 4507 1032 4557; x_wconf 85' lang='lat' dir='ltr'>ascendisse</span> <span class='ocrx_word' id='word_1_546' title='bbox 1042 4513 1158 4569; x_wconf 77' lang='lat' dir='ltr'>paternos.</span> <span class='ocrx_word' id='word_1_547' title='bbox 1168 4517 1212 4551; x_wconf 76' lang='lat' dir='ltr'>uec</span> 
     </span>
     <span class='ocr_line' id='line_1_50' title="bbox 98 4583 1211 4660; baseline -0.012 -18"><span class='ocrx_word' id='word_1_548' title='bbox 98 4598 180 4660; x_wconf 77' lang='lat' dir='ltr'>patris</span> <span class='ocrx_word' id='word_1_549' title='bbox 203 4592 361 4655; x_wconf 75' lang='lat' dir='ltr'>aurigatione</span> <span class='ocrx_word' id='word_1_550' title='bbox 380 4599 473 4640; x_wconf 77' lang='lat' dir='ltr'>servata</span> <span class='ocrx_word' id='word_1_551' title='bbox 490 4593 603 4642; x_wconf 80' lang='lat' dir='ltr'>exussisse</span> <span class='ocrx_word' id='word_1_552' title='bbox 621 4601 720 4648; x_wconf 88' lang='lat' dir='ltr'>terrena,</span> <span class='ocrx_word' id='word_1_553' title='bbox 732 4591 854 4655; x_wconf 83' lang='lat' dir='ltr'>ipsumque</span> <span class='ocrx_word' id='word_1_554' title='bbox 873 4590 971 4639; x_wconf 79' lang='lat' dir='ltr'>flammis</span> <span class='ocrx_word' id='word_1_555' title='bbox 983 4583 1211 4638; x_wconf 69' lang='lat' dir='ltr'>celestibus‘couta·</span> 
     </span>
    </p>
   </div>
   <div class='ocr_carea' id='block_1_5' title="bbox 0 0 1560 5320">
    <p class='ocr_par' dir='ltr' id='par_1_5' title="bbox 0 0 1560 5320">
     <span class='ocr_line' id='line_1_51' title="bbox 0 0 1560 5320; baseline 0 2"><span class='ocrx_word' id='word_1_556' title='bbox 0 0 1560 5320; x_wconf 95' lang='lat' dir='ltr'> </span> 
     </span>
    </p>
   </div>
  </div>
 </body>
</html>
