3174 5296
361 477 423 536 eei
772 475 967 538 uuisioni
989 477 1058 538 vn.
1390 489 1468 566 [eeu

364 631 461 697 poribue
469 631 537 704 Dion
544 631 640 680 rediene
650 629 754 689 donum,
765 633 848 682 intere
858 634 917 682 duoe
926 633 1088 684 Athenieneee
1099 651 1179 685 uentu
1190 637 1267 696 duxit,
1279 655 1327 688 non
1338 657 1370 688 ee
1388 642 1470 706 pbilo-

364 713 448 777 eophie
459 713 491 761 eic
503 711 600 770 emicui,
617 713 659 760 eed
672 727 700 760 ex
711 713 756 761 bec
772 716 891 762 communi
901 715 1039 779 vulgarique
1057 717 1227 776 familiaritate,
1236 735 1290 782 qun
1299 722 1469 786 boepitelitete

364 793 466 860 quedem
478 803 503 842 et
516 793 636 856 irequeuti
646 793 708 842 inter
716 807 783 842 eecre
796 795 979 859 epectecnleque
990 797 1162 846 eoneienudiue
1178 800 1307 850 emioitlem
1324 805 1468 850 connubere

365 874 498 924 cuneuerit.
515 873 622 921 rimiliter
635 873 681 930 illi,
689 881 740 922 tum
748 891 775 921 ee
787 875 831 930 bie.
842 891 894 938 quer
903 877 961 933 diri,
972 883 1023 925 tuen
1034 879 1091 941 quie
1101 878 1210 928 redeunti
1221 882 1337 946 obeeqnie
1347 884 1469 947 praetite-

365 963 428 1011 runt,
437 955 563 1003 emititieru
572 969 625 1002 tum
634 954 712 1002 Dione
720 957 887 1004 coulleeernnt.
896 957 921 1004 hi
932 971 988 1020 ergo
997 973 1052 1006 cum
1062 959 1087 1006 in
1095 961 1199 1008 Siciliam
1212 963 1313 1025 proiecti
1324 975 1419 1019 eruent,
1430 965 1468 1012 in·

364 1035 545 1100 telligereutque
553 1035 681 1084 educentes
689 1035 813 1084 interillos
823 1037 894 1100 ipeoe,
903 1039 943 1100 qui
951 1039 980 1085 eb
988 1039 1141 1100 ipeolibernti
1150 1049 1227 1098 erunt,
1237 1041 1309 1106 [384]
1320 1045 1345 1090 in
1354 1044 1467 1093 Dionem

363 1117 492 1180 conjectet,
502 1117 568 1181 quuei
578 1117 729 1182 tyrannidem
740 1117 870 1172 illectant,
880 1133 928 1164 non
936 1117 1092 1181 prodiderunt
1099 1119 1171 1168 modo
1183 1122 1283 1170 enricum
1294 1131 1319 1170 et
1329 1125 1466 1186 hospitem,

363 1199 406 1246 red
417 1213 461 1246 cen
476 1199 578 1262 propriie
590 1199 696 1246 menibus
706 1198 752 1262 ipei
763 1213 912 1262 percussores
922 1199 1024 1248 luerunt.
1040 1215 1103 1248 errue
1113 1202 1178 1249 enini
1190 1211 1298 1250 tenentee
1317 1205 1466 1252 interiecto·

363 1279 425 1327 ribue
437 1281 516 1343 pulum
526 1279 631 1328 turilieti
643 1287 705 1327 eunt.
720 1287 746 1327 et
755 1279 864 1327 iecinorie
882 1279 978 1342 quidem
997 1281 1061 1328 illiue
1075 1281 1245 1344 nrrpitudinem
1261 1284 1463 1350 impietatemque

362 1373 441 1423 neque
451 1369 565 1424 pretereo
573 1359 684 1423 equidem
701 1376 778 1424 ueque
796 1375 886 1410 enerro.
905 1361 970 1408 multi
992 1361 1055 1409 enim
1078 1363 1136 1410 bec·
1150 1361 1289 1427 diligentiue
1308 1377 1465 1414 nerreverunt

363 1447 434 1504 etque
445 1442 580 1490 nurrebunt.
592 1441 634 1490 eed
645 1441 756 1489 edvereue
765 1441 888 1490 iniemienr
900 1442 1003 1490 civitatis
1012 1449 1099 1490 norme
1108 1445 1249 1508 reepondeo.
1259 1459 1314 1492 uem
1325 1446 1346 1492 ei
1357 1445 1464 1495 Atheni-

362 1535 433 1569 eneee
443 1523 536 1570 luerunt
545 1522 590 1578 illi,
600 1523 641 1586 qui
652 1522 820 1586 prodiderunt:
837 1523 879 1570 ille
890 1539 985 1588 quuque
996 1524 1149 1572 Athenieneie
1159 1525 1214 1582 luit,
1225 1526 1350 1590 quinoque
1361 1527 1463 1590 petum-

362 1617 429 1652 urum
440 1619 517 1666 neque
526 1604 642 1652 honorum
649 1603 829 1667 pollicitatione,
839 1613 867 1652 ut
877 1605 988 1668 proderet
1002 1603 1078 1660 illum,
1093 1603 1180 1654 edduci
1191 1621 1297 1669 nuquam
1308 1607 1396 1670 potuit.
1411 1623 1461 1655 non

361 1683 427 1731 enirn
437 1685 614 1748 pervulgatum
633 1685 848 1748 mercenorieruque
866 1685 1057 1734 benevolentium
1074 1685 1149 1734 lectur
1169 1697 1221 1734 eret
1239 1689 1338 1742 emicue,
1361 1688 1404 1736 eed
1418 1705 1461 1752 per

361 1765 466 1814 liberulis
484 1765 616 1831 discipline
635 1767 833 1815 cummunionem.
849 1767 891 1830 qui
914 1775 978 1814 certe
995 1767 1046 1822 nni,
1067 1767 1108 1830 qui
1124 1768 1194 1832 repit,
1213 1770 1268 1832 plue
1289 1769 1389 1818 edbibet
1406 1771 1460 1818 edei

362 1861 434 1912 quum
446 1847 488 1894 ulli
498 1854 524 1896 et
534 1848 665 1896 enimoruin
675 1847 836 1912 conjunctioni
846 1855 871 1896 et
881 1863 1005 1911 corporum
1017 1850 1226 1911 ooneeuguiniteti.
1237 1850 1320 1913 iteqne
1336 1865 1385 1897 non
1403 1851 1461 1898 tenti

361 1929 493 1976 aetimundi
504 1937 560 1977 eunt
567 1930 612 1986 illi,
623 1938 650 1976 ut
661 1929 867 1977 dedecneciriteti
883 1929 913 1977 ob
930 1928 1018 1976 Dionie
1035 1929 1123 1977 cedem
1138 1929 1222 1978 efferre
1237 1931 1371 1994 potuerint,
1393 1931 1460 1994 queri

361 2009 463 2073 elicujue
474 2011 542 2074 pretii
554 2025 656 2074 uuqueru
667 2009 765 2058 luerint.
779 2011 831 2058 hnc
840 2009 912 2078 'dicte
923 2019 977 2058 emt
992 2009 1079 2066 omniu,
1090 2025 1138 2073 qun
1157 2009 1245 2058 Dionis
1261 2011 1345 2060 euticie
1364 2011 1459 2076 propin·

360 2091 460 2156 quisque
477 2092 646 2140 ooneuleretnr.
663 2093 848 2139 couenloeutoru
858 2099 973 2154 preterea
984 2097 1010 2138 et
1032 2091 1100 2138 tertio
1117 2091 1185 2138 vobit
1202 2105 1297 2155 qunque
1311 2092 1363 2155 jem
1384 2093 1459 2140 tertiie

360 2169 425 2218 idem
436 2187 531 2235 prureue
541 2172 672 2236 eidemque
682 2173 783 2228 tutione,
795 2187 826 2219 ne
837 2171 919 2219 Sicilie
940 2187 1000 2220 nere
1012 2171 1097 2220 civiter
1113 2172 1164 2218 ulle
1179 2171 1297 2236 eliquibue
1310 2172 1453 2228 honmibnn

359 2253 403 2300 eed
414 2251 647 2317 legibuedurnteeet,
659 2252 808 2316 subjicietur,
820 2259 936 2300 utnoetun
954 2252 1001 2300 lert
1019 2253 1088 2302 eetio.
1104 2267 1183 2315 neque
1200 2253 1261 2299 enirn
1277 2251 1453 2300 domineutibue

358 2331 419 2397 ipeie
435 2348 513 2397 neque
531 2333 686 2381 eerrientibue
702 2333 727 2380 id
739 2334 798 2380 utile
810 2339 855 2388 eet,
865 2347 942 2396 neque
962 2347 1044 2380 eornm
1059 2331 1116 2380 liliie
1132 2342 1173 2380 eut
1189 2331 1250 2380 uetie
1267 2340 1393 2380 netumm:
1412 2334 1455 2380 eed

360 2412 545 2476 pernicioeoruur
556 2411 782 2460 omninoboininum
793 2421 829 2459 eet
847 2412 872 2458 id
890 2411 995 2476 aggredi.
1012 2413 1107 2476 engueti
1125 2427 1180 2460 uero
1200 2421 1225 2459 et
1243 2411 1369 2460 illibenlie
1385 2412 1456 2461 enini

358 2499 396 2540 eet
413 2491 530 2556 ejnemodi
551 2493 616 2540 lucre
628 2493 773 2555 precipere:
791 2491 850 2539 nihil
865 2493 901 2539 rel
919 2492 945 2540 in
963 2507 1067 2556 prneene
1082 2493 1119 2540 rel
1138 2494 1164 2540 in
1182 2493 1284 2540 futurum
1303 2502 1398 2558 tempue
1416 2493 1455 2542 bu·

358 2587 440 2622 notum
459 2572 624 2636 justorumque
645 2573 684 2619 vel
707 2573 840 2620 diuinorum
858 2574 1043 2622 bumenorumee
1063 2573 1224 2637 intelligentie.
1241 2574 1293 2620 beo
1313 2589 1360 2636 ego
1380 2573 1455 2622 Dioni

357 2653 460 2718 primum
481 2651 623 2717 perenedere
643 2663 743 2701 conetur
752 2669 813 2708 eum,
831 2653 919 2702 deinde
939 2652 1067 2719 Dionyeio,
1080 2655 1149 2702 tertio
1159 2667 1213 2702 vero
1227 2668 1292 2701 nuuc
1307 2652 1383 2701 robie.
1398 2669 1456 2718 erqo

358 2735 461 2800 pereutit
472 2733 539 2790 mibi,
550 2732 618 2784 Joeie
632 2733 697 2782 tertii
716 2733 842 2780 eerretorie
852 2733 934 2798 gretie.
949 2743 1066 2798 preteree
1085 2734 1198 2799 Diouyeii
1214 2734 1351 2798 Dionieqne
1362 2735 1455 2782 exitnm

358 2813 550 2864 enimdeertite.
582 2813 715 2879 Dionyn‘ue
730 2815 836 2878 quidem,
853 2829 901 2862 nun
915 2816 1082 2878 obtemperem
1098 2815 1204 2864 ooneiliie
1219 2815 1287 2870 meir,
1305 2815 1367 2863 eicit
1383 2816 1455 2864 etiem

357 2911 421 2945 nuuc
438 2911 487 2945 non
502 2897 617 2944 boueetu:
633 2893 698 2942 Dion
707 2909 772 2952 vero,
787 2911 840 2943 curu
858 2895 1076 2960 obtempemrieeet,
1088 2897 1186 2944 boueete
1196 2895 1295 2945 interiit.
1312 2895 1338 2943 ei
1353 2911 1455 2960 nemque

356 2977 417 3034 ritu,
436 2978 477 3042 qui
493 2977 672 3042 preclerieeuru
690 2976 735 3023 eibi
754 2977 884 3040 petrleeque
898 2975 1002 3034 ellectu,
1021 2977 1082 3024 nillil
1100 2991 1210 3040 unquen,
1226 2975 1273 3023 niei
1289 2983 1384 3023 rectum
1400 2978 1455 3040 pul-

329 3083 337 3106 s
357 3059 485 3126 clerumque
494 3067 574 3124 poteet
584 3057 700 3107 eccidere.
710 3071 755 3105 nee
763 3072 818 3106 vero
829 3059 952 3122 quiequeiu
964 3067 1068 3106 uoetruru
1077 3065 1188 3105 netueeet
1197 3056 1349 3104 ituruurtelie:
1362 3072 1453 3121 neque,

356 3141 377 3188 ei
388 3141 428 3190 cni
438 3139 465 3188 id
475 3141 609 3207 contigerit.
620 3147 684 3187 eeeet
694 3139 715 3187 ie
725 3146 850 3203 propteree
861 3139 927 3194 lelir,
940 3145 966 3186 ut
977 3139 1047 3202 vulgo
1056 3138 1160 3186 videtur.
1176 3138 1245 3186 rebue
1260 3138 1356 3200 quidem
1368 3153 1453 3186 emen-

356 3223 418 3270 tibue
429 3221 509 3270 enimn
519 3222 578 3270 nihil
592 3221 627 3269 uel
644 3221 731 3268 bonurn
742 3229 779 3268 eet
793 3221 830 3268 rel
842 3220 928 3268 melum
940 3219 1115 3268 euiedmetione
1127 3219 1226 3284 dignum
1237 3237 1243 3265 :
1256 3217 1330 3284 [⁸85]
1348 3221 1392 3266 eed
1401 3218 1456 3266 nni-

354 3303 441 3368 cuique
451 3303 537 3351 enimn
546 3303 572 3350 id
581 3303 683 3358 elucidet,
694 3309 736 3350 eut
745 3303 802 3349 dum
811 3311 849 3349 eet
863 3317 916 3349 curn
925 3315 1022 3366 corpore
1032 3309 1097 3350 tute
1108 3315 1207 3365 corpore
1218 3309 1343 3365 πέμ-ιιι.
1355 3303 1455 3348 creden-

355 3385 412 3432 dum
422 3389 460 3432 eet
471 3397 555 3432 revere
569 3399 663 3447 temper
673 3383 777 3446 entiquie
788 3383 905 3445 eecrieque
916 3381 1001 3438 rerbie,
1013 3397 1066 3446 quie
1076 3381 1144 3428 nobie
1162 3383 1275 3430 nuntient
1295 3383 1455 3430 immoetelene

353 3479 405 3512 eeee
416 3465 528 3521 enimem,
537 3463 679 3527 judicesque
690 3465 786 3520 hebere,
805 3463 972 3527 eupplicieque
992 3463 1042 3526 peti
1057 3463 1166 3518 menime,
1179 3473 1331 3526 postqueme
1351 3477 1452 3525 empore

352 3545 422 3594 tuerit
440 3552 558 3610 eepurete.
575 3545 727 3609 quemobrem
745 3545 824 3592 minue
838 3545 928 3592 melum
939 3543 1122 3592 exietimendum
1139 3553 1178 3592 eet
1189 3545 1283 3608 perpeti
1302 3543 1452 3607 pertemere

351 3625 460 3690 iujuriee,
480 3641 495 3674 e
515 3625 708 3690 delinquentibue
726 3626 810 3680 illetee,
822 3639 892 3688 quem
903 3624 998 3673 iulerre.
1016 3639 1068 3689 qun
1091 3625 1190 3688 quidem
1209 3627 1279 3673 bomo
1301 3623 1451 3672 cumuleudre

351 3707 572 3770 pecimiededitut,
584 3707 642 3755 etin
660 3713 800 3771 penpertete
811 3707 884 3754 enimi
902 3707 1044 3754 constitutus
1063 3721 1110 3754 non
1130 3705 1207 3761 eudit‚
1227 3721 1264 3762 ec,
1286 3706 1307 3752 ei
1327 3705 1452 3760 endirerit,

352 3789 421 3850 qunei
431 3805 475 3838 eno
489 3789 580 3854 judicio
594 3787 725 3836 deridenda
743 3787 890 3836 contemnite
908 3793 979 3852 utque
997 3786 1151 3850 impudenter
1168 3786 1232 3850 repit
1252 3785 1369 3850 undique,
1385 3785 1450 3849 quin—

352 3867 411 3928 quid
421 3870 539 3917 existimet
548 3869 601 3926 eibi,
615 3869 691 3916 veluti
709 3869 799 3924 buitim
818 3869 954 3931 voluptutee
971 3869 1062 3916 ventrie
1080 3851 1290 3931 suppeditaturum
1309 3867 1450 3914 oblectetio-

351 3961 453 4008 eeinqno
464 3964 596 4007 venereum,
607 3949 717 3998 servilem
727 3957 791 3997 certe
800 3957 870 4013 etque
879 3952 993 4012 ingentem
1005 3959 1030 3996 et
1041 3949 1176 4004 ebeurdem,
1189 3963 1234 3996 nee
1246 3963 1307 3996 term
1319 3947 1450 4010 voluptetie

350 4025 447 4074 nornine
458 4027 567 4090 dignum
584 4041 608 4078 et
618 4032 687 4094 queei
700 4046 778 4079 ceccue
794 4047 843 4078 non
863 4031 938 4078 ceruit
958 4045 984 4078 ee
1004 4029 1091 4077 inietre
1110 4029 1255 4077 contendere
1276 4029 1449 4092 inexplebilem

350 4107 445 4171 explere
463 4111 695 4172 concupiscentium:
724 4127 801 4176 neque
822 4127 901 4160 rureue
921 4112 1006 4168 ceruit,
1031 4117 1145 4174 queutnrn
1164 4113 1196 4158 eit
1216 4109 1329 4173 impietur
1353 4109 1448 4164 melum,

350 4189 484 4254 quibusque
494 4187 552 4235 imit
560 4191 639 4248 rebue,
651 4209 744 4256 semper
753 4193 874 4258 injuetitiae
885 4193 967 4241 mixte.
983 4207 1054 4256 quern
1064 4193 1160 4256 quidem
1170 4206 1269 4240 neceeee
1281 4197 1320 4238 eet
1336 4191 1447 4244 enimem,

350 4287 403 4336 quie
421 4269 592 4335 perpetraverit
606 4271 704 4333 injuste,
727 4291 807 4323 eecnm
827 4277 926 4330 trahere,
945 4283 971 4322 et
990 4273 1048 4321 dum
1065 4289 1109 4337 per
1128 4281 1214 4320 terreni
1236 4271 1365 4319 revolvitur
1385 4273 1448 4316 inter

348 4351 466 4408 hominee,
485 4359 511 4399 et
521 4349 632 4398 dumtub
643 4363 729 4400 terrem
747 4357 833 4417 pmeirn
844 4358 946 4420 turpiter
967 4356 1065 4402 omuino
1083 4363 1155 4418 etque
1172 4353 1259 4400 minere
1276 4350 1450 4398 dmumlertur.

348 4447 401 4481 cum
413 4433 485 4498 igituir
494 4434 545 4481 baec
555 4432 647 4497 elinque
665 4434 757 4497 genetie
772 4435 879 4498 ejusdem
898 4437 973 4486 Dioni
990 4435 1103 4492 dicerem,
1120 4434 1235 4498 pereueei.
1255 4429 1450 4480 interlectoribue

345 4521 425 4564 eutem
434 4513 489 4580 ejue
496 4513 626 4582 juetieeirne
635 4513 734 4582 quidem
745 4516 863 4578 ἰωοιιιι,
875 4519 961 4570 eudem
972 4517 1040 4584 queri
1051 4518 1200 4580 rnudoetque
1207 4513 1340 4579 Dionysio.
1350 4513 1446 4577 utuique
