3102 5312
126 563 199 642 ers]
460 559 517 620 na
538 557 710 620 tacteus
732 559 806 620 tta.
828 559 897 620 vn.
1153 561 1210 619 :nr

121 716 171 767 otio
181 715 318 768 abundabit.
350 713 410 765 Cat.
421 715 513 781 Atque
524 723 595 781 pacto
605 723 705 773 tannen,
715 731 767 764 curn
777 713 856 764 senior
866 711 905 771 sit,
912 727 989 763 curam
998 713 1096 764 sufferre
1106 711 1210 780 poterit?

119 795 224 847 Arnas.
241 795 321 846 Facile
334 809 349 844 o
364 797 448 845 amice.
464 796 503 844 lea
519 795 582 844 enim
601 797 647 860 ipsi
667 796 784 845 oeneessit
794 795 965 860 concedatque,
975 801 1002 844 ut
1013 795 1043 844 ad
1055 810 1109 844 eam
1121 809 1209 850 curam,

122 893 182 942 quos
194 877 251 926 velit
259 877 355 934 citium,
364 885 389 925 et
398 878 505 933 timeum,
514 885 538 925 et
545 877 677 933 mulierum,
685 876 787 940 accipiat
794 877 878 925 socios.
889 877 929 924 ille
941 883 1027 932 autent,
1039 877 1080 940 qui
1087 875 1210 939 deligendi

120 957 179 1014 sint,
189 967 325 1024 cognoscet,
337 959 445 1022 soletque
456 959 531 1007 socios
543 958 627 1021 probos
635 957 748 1021 deligere,
759 973 812 1006 cum
823 958 970 1021 magistratus
983 958 1056 1021 ipsius
1065 955 1214 1021 maguitudi-¹

118 1053 175 1087 nem
186 1039 315 1103 prudenter
324 1045 350 1087 et
360 1047 487 1103 cognoscat
497 1046 522 1086 et
532 1047 648 1095 teratur,
660 1053 705 1086 nec
715 1039 814 1102 ignoret,
827 1039 889 1102 quod
897 1039 916 1086 si
924 1039 1025 1101 pueritia
1033 1045 1097 1086 recte
1107 1029 1209 1086 educata

116 1120 149 1167 eit
157 1121 319 1185 edoceturque
329 1121 406 1169 omnis
416 1120 442 1168 in
452 1121 501 1168 vita
509 1127 573 1167 recte
592 1119 618 1167 fit
628 1119 757 1183 navigatio.
774 1119 811 1167 sin
822 1127 911 1174 contra,
922 1119 980 1183 quid
990 1126 1072 1168 contre
1088 1127 1208 1183 sequatur,

116 1215 163 1249 nec
175 1199 241 1250 dictu
252 1201 349 1266 dignum
366 1209 403 1250 est
419 1217 497 1264 neque
508 1215 552 1249 nos
562 1199 672 1256 didmus,
688 1199 846 1264 perniciosum
862 1200 888 1247 in
904 1199 1021 1248 civitatem
1039 1215 1123 1248 novem
1139 1213 1210 1248 omen

115 1281 328 1346 fugientes.'rnults
334 1283 385 1348 jam
395 1284 426 1330 de
436 1282 561 1330 saltatione
571 1280 650 1344 deque
661 1281 727 1330 omni
737 1287 800 1329 motu
812 1281 957 1346 gymnastico
968 1280 1076 1328 diximus·
1088 1281 1209 1346 gymnasia

114 1361 274 1412 enimomnes
284 1365 355 1412 etiam
366 1363 547 1412 coercitationes
557 1361 654 1410 bellicas
665 1361 820 1424 appellamus,
830 1372 857 1408 ut
865 1361 1000 1424 sagittandi,
1006 1360 1144 1424 jaculandi:
1157 1361 1210 1423 pel·

113 1443 217 1492 tasticen
226 1457 320 1508 quoque
331 1449 357 1491 at
366 1459 448 1491 omues
459 1451 596 1490 armatorum
608 1441 777 1498 dimicetiones,
789 1443 892 1490 scierann
903 1442 1072 1496 ordinationes,
1084 1441 1209 1490 ductiones

113 1524 238 1580 uescina,
249 1531 377 1573 esstromm
386 1523 523 1587 positiones,
531 1531 556 1571 et
565 1537 711 1587 quecunque
722 1522 752 1570 ad
763 1531 896 1588 equestrem
913 1523 1031 1586 pertinent
1047 1521 1204 1587 disciplinam.

112 1619 214 1668 quorum
224 1605 329 1653 omnium
336 1604 443 1668 publicos
450 1611 547 1668 oportet
555 1619 608 1653 esse
619 1604 742 1668 magistros
752 1619 767 1652 a
777 1603 872 1653 civitate
883 1603 1020 1662 conductos,
1029 1603 1070 1669 qui
1079 1619 1164 1667 pueros
1181 1611 1207 1652 et

112 1685 215 1748 puellas,
225 1687 285 1734 rivos
295 1693 320 1733 at
330 1686 438 1734 mulieres
448 1685 558 1741 doceant,
570 1693 596 1734 ut
606 1699 696 1741 omnes,
707 1683 749 1748 qui
758 1685 783 1732 in
790 1683 885 1733 civitate
895 1693 957 1741 sunt,
968 1687 1019 1732 lraec
1030 1683 1110 1732 omnia
1119 1683 1203 1732 sciant.

111 1775 134 1814 et
144 1767 235 1830 puelle
245 1765 342 1830 quidem
352 1767 438 1814 salure
448 1781 601 1830 pugnansque
611 1781 666 1814 cum
675 1767 745 1814 armis
755 1773 923 1814 consuescent:
942 1766 1052 1814 mulieres
1062 1773 1140 1813 autern
1152 1779 1205 1812 cas-

111 1851 149 1894 tra
165 1860 268 1901 morere,
278 1845 372 1894 ordines
387 1853 474 1894 seuere
495 1853 520 1894 et
536 1861 600 1894 arms
612 1861 703 1896 mutere
712 1853 783 1910 atque
794 1845 932 1910 deponere;
951 1845 1024 1911 [ets]
1042 1845 1160 1894 sinullius
1171 1845 1206 1894 rei

110 1927 211 1975 alterius
221 1927 303 1990 gratia,
315 1933 420 1976 atamen
431 1927 452 1975 ai
463 1941 499 1975 ves
510 1933 587 1989 cogat,
599 1933 624 1974 ut
639 1925 666 1974 in
682 1927 789 1975 militiam
799 1927 844 1975 tiri
860 1942 941 1975 omues
953 1927 1137 1991 proficiscantur,
1151 1941 1205 1991 pos·

110 2009 228 2072 sintipara
239 2007 343 2065 interim,
354 2007 440 2071 siquid
450 2007 543 2056 eduensi
555 2007 677 2062 occidam,
689 2007 807 2056 civitatem
820 2007 963 2056 defendere:
982 2005 1051 2055 veisi
1070 2014 1136 2054 tauta
1151 2007 1206 2055 hos·

110 2089 173 2137 tium
183 2089 311 2137 multitudo
320 2103 385 2152 agros
396 2087 515 2144 invaserit,
522 2095 550 2136 ut
558 2103 657 2136 necasse
669 2089 699 2136 sit
708 2090 818 2138 mulietes
828 2105 921 2154 quoqne
931 2103 973 2153 pro
982 2087 1078 2136 civitate
1089 2103 1152 2136 erma
1163 2103 1204 2136 ca·

110 2184 185 2233 pers:
197 2185 295 2233 quorum
305 2167 365 2216 nibil
375 2168 481 2232 estquod
495 2183 543 2215 non
551 2167 622 2216 facile
633 2169 727 2217 uenire
737 2169 820 2233 possit.
830 2185 916 2234 magno
927 2177 990 2217 certo
1001 2167 1137 2233 reipublice
1146 2167 1205 2216 vitio

110 2249 218 2298 dandum
228 2258 266 2297 est
276 2249 310 2297 ita
319 2249 405 2313 ignave
416 2249 526 2297 mulieres
537 2248 640 2305 edoceri,
652 2257 679 2298 ut
687 2265 733 2298 nec
745 2250 818 2298 veluti
829 2253 882 2298 ires
893 2249 990 2315 quidem
1000 2265 1043 2314 pro
1053 2249 1134 2297 filiolis
1145 2265 1203 2297 con-

110 2337 147 2378 tra
159 2331 249 2378 ieroces
259 2329 362 2378 audeaut
371 2329 460 2379 bestias
471 2343 585 2393 pugnare,
596 2331 702 2394 morique
718 2331 799 2395 potios
814 2331 888 2379 velint
904 2339 1034 2395 omenque
1051 2329 1130 2378 subire
1141 2329 1204 2394 perl-

108 2411 175 2465 cula,
186 2425 258 2474 qnam
267 2411 344 2458 ιιιιίιιι
356 2408 387 2458 ad
397 2423 448 2458 aras
460 2410 595 2473 templaque
606 2409 740 2475 coningere,
750 2411 930 2475 opinionemque
939 2409 970 2459 de
979 2427 1064 2473 genera
1080 2411 1202 2458 hominnm

109 2492 180 2546 dare,
192 2489 293 2539 omnino
304 2490 479 2556 ignarhsimurn
491 2491 626 2538 animalium
637 2505 696 2540 esse.
729 2491 788 2541 Cur.
804 2491 853 2540 Per
869 2491 963 2549 Jovem,
978 2491 1073 2554 hospes,
1090 2499 1114 2539 et
1130 2491 1206 2560 deds-

107 2571 161 2621 eovi
173 2572 445 2620 bocetdetrirnentoest
453 2572 552 2621 civitati.
587 2571 692 2623 Areas.
710 2573 800 2636 Legem
809 2573 880 2637 igitur
887 2573 948 2622 hanc
959 2573 1098 2628 senciamus,
1115 2579 1201 2619 utrem

108 2653 222 2702 bellicam
235 2653 342 2702 mulieres
352 2667 402 2702 non
412 2653 547 2718 negligant:
558 2653 599 2701 sed
611 2653 676 2701 cives
686 2669 775 2710 omnes,
784 2661 832 2702 tam
843 2655 950 2703 tntrlieres
959 2667 1031 2719 quom
1040 2653 1091 2708 viri,
1098 2651 1134 2700 illi
1146 2651 1205 2699 dent

110 2747 217 2798 operam.
242 2733 299 2782 Cat.
310 2733 459 2782 Sanoismus.
485 2733 590 2782 Arnas.
602 2733 641 2782 De
651 2735 779 2783 luctatione
788 2735 884 2798 quidem
893 2735 977 2799 partim
986 2735 1054 2783 nobis
1062 2741 1099 2781 est
1107 2733 1205 2782 dictetur.

109 2813 175 2877 qood
186 2829 253 2870 vero,
263 2819 291 2861 ut
301 2813 405 2869 arbitron
416 2814 542 2861 maximnm
552 2821 597 2869 est,
609 2829 657 2862 non
668 2813 784 2876 dirimus;
802 2831 847 2863 nee
863 2815 933 2864 iacile
945 2815 1010 2863 dictu
1026 2823 1071 2874 est,
1088 2813 1133 2862 nisi
1149 2813 1205 2877 quia

111 2895 238 2944 verbanno
248 2893 403 2942 declarationi
413 2893 513 2957 corporis
526 2900 605 2956 gestos
615 2893 734 2959 adjungat.
746 2896 791 2944 hoc
800 2911 856 2960 ergo
866 2903 922 2944 tunc
932 2895 1098 2952 indicabimus,
1109 2893 1205 2959 quando

109 2977 181 3025 verbs
192 2976 262 3024 robure
270 2974 397 3039 conjuncta
406 2975 508 3038 apertius
518 2973 607 3037 aliquid
618 2975 689 3022 etiarn
699 2975 729 3024 de
738 2975 823 3024 cetaria
831 2977 1004 3040 significabunt,
1015 2985 1040 3024 et
1049 2977 1203 3024 luctationem

110 3057 213 3105 msaims
223 3057 327 3104 omnium
338 3064 444 3104 monium
455 3056 537 3118 prelio
546 3056 638 3103 sffinam
649 3071 709 3113 esso,
721 3063 746 3104 et
761 3065 869 3120 oportere
879 3073 927 3106 nou
938 3058 1021 3122 prelio
1036 3057 1106 3120 hujus
1120 3071 1200 3112 causa,

109 3139 151 3186 sed
169 3137 225 3187 buie
241 3137 315 3202 gratis
331 3137 409 3202 prelii
425 3151 520 3200 operam
537 3135 602 3185 dare.
635 3135 694 3186 Cat.
712 3137 789 3185 Probe
805 3137 832 3185 id
847 3137 952 3202 quidem.
986 3137 1090 3186 Arnen.
1108 3136 1156 3184 Sed
1172 3137 1204 3184 do

109 3219 219 3268 luctandi
231 3218 328 3283 quidem
344 3218 457 3267 facultate
474 3219 588 3265 butenae
604 3217 636 3264 sit
645 3217 741 3265 dictans.
758 3225 848 3266 ceteros
859 3233 913 3265 vero
926 3217 1028 3280 corporis
1037 3217 1109 3263 totius
1119 3223 1203 3271 motus,

108 3313 209 3362 morum
220 3299 313 3364 plnrimi
324 3299 455 3347 saltationis
462 3297 558 3346 nomine
567 3305 631 3346 recte
642 3297 758 3362 appellari
765 3305 873 3361 possum,
882 3299 907 3345 in
917 3297 976 3347 duas
984 3296 1077 3360 species
1086 3295 1205 3344 distribui·

107 3393 171 3428 tous.
184 3393 240 3428 nam
250 3379 309 3428 viius
316 3379 412 3444 quidam
420 3387 497 3427 motus
508 3377 682 3427 decentioribus
693 3378 796 3442 gestibus
805 3379 917 3443 corporis,
926 3380 1048 3426 honestum
1058 3376 1203 3442 dignumque

106 3459 199 3524 diquid
211 3459 326 3509 imitatum
343 3461 403 3509 alius
414 3467 496 3508 contm
505 3459 712 3514 indecentioribus,
723 3460 754 3509 ad
766 3459 812 3508 vile
829 3459 919 3523 aliquid
930 3455 1044 3506 imitando
1055 3457 1160 3505 deducit.
1177 3463 1204 3505 et

111 3541 236 3606 utriusque
246 3557 323 3590 mrsus
333 3540 386 3590 duta
398 3547 452 3589 sunt
462 3540 562 3605 species.
578 3541 691 3589 honestius
706 3541 768 3588 enim
780 3539 919 3604 digniorque
929 3549 1007 3587 motus
1022 3537 1138 3593 alienent,
1149 3551 1204 3585 curn

109 3622 137 3670 in
147 3621 214 3671 bello
224 3623 382 3688 violentisque
400 3623 518 3670 laboribus
533 3623 629 3686 egregio
646 3637 745 3687 corpora
763 3621 863 3686 fortique
874 3621 952 3668 animo
962 3618 1122 3681 implicamur:
1134 3617 1205 3676 alius,

107 3701 167 3750 siuns
188 3703 282 3752 anirum
292 3703 317 3751 in
327 3704 396 3752 rebus
411 3703 521 3751 secundis
530 3703 650 3752 moderate
668 3703 770 3751 letetur.
786 3703 849 3750 bunc
860 3703 880 3749 si
897 3701 949 3765 quis
959 3699 1084 3764 paelicum
1095 3697 1202 3761 appellet

107 3791 211 3838 motum,
221 3783 353 3834 monadum
364 3793 468 3832 nemum
479 3785 598 3848 appellare
608 3783 732 3834 videbitur.
751 3783 824 3849 [att]
841 3783 907 3831 illum
925 3797 979 3830 vero
991 3797 1005 3829 a
1015 3779 1114 3844 pacifico
1125 3779 1202 3828 direr-

108 3877 162 3912 sotn
175 3863 330 3930 Pyrrbiebetn
342 3873 405 3914 recte
415 3865 514 3930 quisqoa
526 3866 627 3922 vocabit,
638 3865 679 3930 qni
695 3865 800 3914 imitatur
816 3863 889 3912 flexus
905 3877 1034 3926 corporum,
1051 3861 1137 3926 quibos
1154 3861 1202 3910 tals

106 3943 235 4010 plagaque
244 3945 355 4002 vitantur,
365 3945 516 4003 declinando,
526 3945 687 4002 concedendo,
699 3945 817 3994 exiliendo
827 3946 852 3992 in
863 3945 938 3992 altum
948 3943 1097 4007 humiquejse
1109 3949 1203 3990 contra-

106 4023 204 4074 hendo:
217 4026 346 4075 contrarios
354 4027 410 4076 item
422 4036 509 4091 gestae
521 4029 605 4092 quibus
613 4027 725 4077 videlicet
733 4027 844 4076 adrem
853 4025 911 4073 alios
920 4025 1044 4089 quicquam
1054 4024 1153 4072 iniertur
1164 4039 1201 4072 sa·

107 4105 230 4168 gittando,
237 4107 375 4171 jaculando,
386 4108 503 4165 cedendo,
514 4107 540 4157 in
549 4110 585 4157 his
602 4109 708 4158 omnibus
717 4107 822 4156 arbitrari
829 4113 928 4170 oportet,
937 4104 1030 4169 quando
1039 4105 1170 4168 intrepidos
1177 4112 1203 4156 et

110 4195 226 4236 mnas
236 4179 330 4236 babitus
343 4188 368 4236 in
380 4189 535 4238 membrorum
553 4189 694 4240 rectitudine
710 4197 736 4237 at
751 4188 887 4237 fortitudine
905 4185 977 4234 animi
996 4185 1128 4242 adhibetur,
1140 4191 1203 4234 recte

102 4265 158 4314 fieri
169 4285 175 4314 ι
188 4268 350 4332 quandovero
360 4279 449 4327 contra,
459 4287 508 4320 nou
524 4277 594 4320 recte.
610 4271 653 4320 sed
672 4279 697 4319 at
714 4271 768 4335 psci
787 4269 971 4319 convenientem
989 4267 1140 4315 saltationem
1158 4265 1203 4318 hoc

101 4355 178 4412 paeto
188 4349 213 4397 in
224 4350 324 4414 siugulis
334 4351 516 4410 consideremus,
525 4359 604 4401 utrum
620 4360 682 4401 recta
692 4367 736 4400 nac
745 4367 785 4408 na,
796 4365 838 4416 pro
848 4357 932 4399 natura
947 4350 1052 4398 honeste
1070 4345 1202 4396 saltationis

102 4429 221 4479 decanta
231 4432 283 4496 quis
291 4432 316 4480 io
325 4431 416 4480 choreis
426 4433 516 4496 optima
527 4433 578 4498 lege
587 4432 731 4482 eruditonnn
743 4430 841 4479 viromm
850 4437 962 4479 versetur.
975 4428 1075 4492 primum
1086 4441 1141 4476 vero
1152 4441 1201 4472 am·

102 4507 187 4572 bigas,
196 4527 251 4575 qua
262 4511 286 4560 in
296 4512 477 4561 controversiam
487 4513 560 4577 cadit,
572 4513 675 4571 saltatio,
686 4529 701 4561 s
712 4527 761 4560 non
770 4512 879 4577 ambigna
890 4507 1058 4574 distinguenda
1069 4513 1113 4554 est.
1130 4505 1202 4561 Que-

100 4603 161 4639 nsm
178 4591 251 4656 igitur
261 4593 332 4642 beai
349 4601 374 4642 st
384 4609 431 4659 quo
441 4599 512 4659 pecto
523 4603 622 4659 unaque
633 4593 817 4658 dbtinguenda?
835 4591 967 4656 ambiguam
984 4589 1130 4641 arbitramur,
1147 4599 1200 4647 qua

183 4673 251 4728 Par.
266 4671 308 4724 Tr.
680 4675 716 4726 11.
1101 4671 1116 4718 t
1129 4665 1150 4714 B
