3110 5308
306 527 365 586 rer
734 523 933 586 eaauours
1325 533 1396 612 [tro

304 683 383 746 regiae
402 679 473 736 eder,
490 687 578 744 portur,
597 679 691 728 navalia
705 687 730 726 er
740 680 873 728 universam
883 679 1004 744 regionem
1015 679 1143 732 struebant.
1159 683 1318 747 prolectobnr
1330 693 1400 750 pactu

307 764 382 828 spirae
401 763 458 810 illae
466 762 538 810 mana
553 760 727 826 ἀὴροιιιιιιιιιιι,
746 775 800 823 que
815 760 936 824 antiquam
952 760 1298 830 dreumdabantmenopolim,
1310 767 1356 816 boe
1365 773 1400 816 eat

307 844 388 893 matria
397 857 478 892 eornm
487 842 584 907 patriam
596 840 685 890 aedem.
699 840 881 904 primoquidem
892 842 1034 892 comunem
1043 843 1156 907 puntibnr
1161 847 1285 896 tramitum
1295 847 1328 896 ad
1335 855 1400 898 erte-

306 927 368 974 riora
383 931 408 973 et
426 923 458 972 ad
473 922 552 972 ”deta
563 922 650 986 regiam
662 921 789 984 prebuere.
801 921 842 968 ubi
852 921 877 968 in
889 919 938 969 Dei
947 921 1023 985 ipaiua
1034 924 1192 988 majorumque
1201 943 1298 976 auorum
1307 927 1401 978 aedibua

306 1007 386 1054 rtatim
407 1004 437 1053 ab
453 1003 522 1052 initio
538 1003 615 1066 regina
634 1000 698 1050 redeo
714 999 868 1048 edifioarunt.
887 1000 993 1064 alterque
1008 1002 1038 1050 ab
1054 1003 1130 1052 altero
1144 1014 1228 1054 ornata
1239 1008 1401 1072 madpimoea.

307 1087 420 1137 contiuua
427 1083 574 1134 ruwoedone
583 1081 715 1147 superiores
725 1083 751 1130 iu
761 1079 898 1130 exornando
909 1097 951 1145 pro
959 1082 1047 1132 riribna
1057 1085 1208 1149 mperabanr,
1218 1087 1299 1151 quoad
1311 1087 1402 1138 affl.

307 1181 352 1216 nae
366 1165 529 1231 magnitudine
549 1163 681 1228 decoreque
695 1161 814 1210 mbandar
830 1161 1011 1212 trbnouomur.
1027 1163 1119 1214 ioream
1131 1181 1202 1231 porro
1211 1183 1226 1216 a
1234 1170 1294 1217 mari
1303 1170 1335 1218 ad
1343 1170 1401 1218 eati·

307 1263 373 1298 mum
387 1246 499 1296 eireulum
516 1245 673 1300 deduxerunt,
691 1259 744 1307 quae
761 1243 806 1292 tria
812 1242 897 1307 jugera
909 1241 935 1290 in
943 1242 1094 1294 latitudinem
1102 1247 1296 1311 promndebetnq
1306 1261 1401 1300 onan

308 1331 383 1394 peden
403 1328 428 1376 in
445 1329 527 1383 altum,
537 1328 563 1376 in
573 1325 671 1390 longum
682 1323 760 1372 studia
770 1323 951 1388 quinquaginta.
967 1331 1039 1389 atque
1048 1333 1075 1374 nt
1084 1341 1115 1376 er
1123 1327 1169 1377 boc
1179 1330 1238 1378 mari
1248 1331 1279 1380 ad
1289 1331 1400 1381 drmhra

307 1411 384 1466 illum,
400 1411 465 1458 velut
480 1407 511 1458 ad
532 1413 632 1472 portam,
641 1405 764 1470 applieare
775 1419 848 1452 naver
857 1413 964 1469 ponent,
974 1406 1106 1458 efferamur
1113 1409 1233 1473 patefacto
1242 1411 1305 1460 illim
1314 1427 1364 1468 ore,
1372 1421 1400 1467 ut

308 1505 382 1539 neree
395 1489 568 1554 ingentissima
583 1495 687 1552 caperet.
717 1485 794 1533 Ζοιιιιιι
802 1486 859 1534 item
869 1493 945 1542 terre,
962 1487 1048 1550 quibua
1057 1491 1128 1554 epirar
1140 1491 1209 1540 maria
1225 1493 1401 1557 timagoram·

308 1581 356 1629 tur,
374 1571 487 1636 pontibus
508 1577 640 1624 recuemnt,
659 1575 687 1616 ut
701 1581 749 1614 una
759 1567 848 1615 triremi
859 1568 984 1632 enavigare
995 1570 1058 1619 inter
1068 1586 1094 1620 ee
1103 1571 1207 1622 inrioem
1216 1583 1320 1638 ponent,
1328 1589 1401 1640 numa

310 1667 366 1701 vero
381 1661 500 1708 toreuma,
511 1659 538 1698 ut
548 1649 701 1714 eubrravigare
711 1645 802 1696 liceret.
818 1655 962 1698 terrenarum
978 1665 1081 1716 nemque
1092 1669 1202 1704 zonarum
1213 1655 1279 1704 labra
1288 1655 1402 1720 proinatla

310 1749 375 1783 mmo
388 1731 602 1796 supereminebant,
618 1729 733 1778 maximus
750 1730 822 1793 plane
833 1730 952 1786 circuitur,
963 1747 1006 1795 por
1016 1749 1088 1797 quem
1096 1735 1229 1784 inundabat
1238 1751 1313 1793 mare,
1322 1737 1401 1788 latitu-

310 1815 367 1864 dine
374 1813 449 1862 atadin
460 1812 593 1876 complebat
603 1813 647 1860 tria
658 1829 663 1856 ι
682 1811 802 1874 proximae
810 1811 865 1860 huic
877 1811 940 1860 orbie
949 1819 1017 1861 terre
1026 1829 1120 1879 protana
1130 1817 1243 1881 nequalia:
1253 1819 1403 1884 aequentinm

310 1911 368 1944 vero
385 1895 482 1942 duorum
499 1891 611 1941 {tumidm
627 1891 723 1956 quidem
741 1890 803 1939 orbis
822 1890 900 1940 stadia
914 1892 970 1950 duo,
980 1894 1145 1946 aridnaautem
1156 1897 1404 1964 bumidnpreoednrti

309 1991 388 2026 maone
406 1975 520 2040 aequalia:
538 1974 639 2022 readinrn
654 1973 758 2037 denique
775 1988 858 2030 unuin,
870 1974 912 2036 qui
921 1974 997 2038 ipearn
1009 1977 1112 2026 inanlam
1123 1979 1149 2028 in
1161 1979 1238 2028 media
1248 1981 1350 2044 peritam
1360 1981 1404 2030 eir-

247 2113 255 2130 5
311 2057 445 2107 curudabat.
462 2056 535 2120 [llll]
554 2055 638 2104 insultu
657 2071 721 2110 vero,
732 2055 758 2101 iu
774 2068 821 2116 qua
829 2055 958 2116 reginem,
969 2055 1290 2124 diameterrtadiaqainque.
1307 2069 1334 2110 et
1343 2063 1405 2112 bane

312 2141 399 2188 circum
411 2141 525 2202 orbesque
542 2147 567 2184 et
583 2143 681 2200 pontem
689 2137 761 2184 latura
773 2134 805 2182 ad
815 2135 902 2198 pletbri
914 2151 1043 2186 tnenruraro
1055 2139 1109 2188 bine
1120 2147 1191 2204 atque
1201 2139 1258 2190 inde
1269 2157 1405 2205 rnuroquo·

310 2223 365 2270 darn
381 2219 475 2284 lapideo
493 2219 634 2273 clauserunt.
651 2224 726 2265 turrae
735 2223 860 2280 porumque
876 2216 902 2264 in
912 2216 1011 2281 aingulia
1019 2234 1090 2284 anper
1098 2229 1181 2284 ponte·
1191 2220 1321 2270 aeenndnm
1333 2223 1406 2272 maria

312 2301 468 2366 pertransitur
484 2299 632 2348 fabricantes.
650 2298 753 2362 lapidem
771 2297 814 2346 rub
824 2297 910 2354 inatile,
920 2314 975 2362 quta
981 2299 1073 2364 jaoebat
1081 2301 1108 2350 in
1117 2301 1203 2358 medio.
1212 2303 1407 2352 inciderunte'au

311 2399 379 2431 earn:
397 2394 422 2430 et
436 2381 479 2430 reb
492 2381 551 2445 ipeie
559 2379 663 2435 orbibue,
673 2377 738 2428 inbre
747 2378 833 2443 pariter
843 2386 915 2442 arque
925 2388 1001 2438 extr-a,
1010 2382 1092 2446 parlim
1103 2381 1191 2440 album,
1202 2385 1290 2448 partim
1299 2383 1405 2449 nigrum,

311 2463 394 2527 partim
403 2463 506 2511 rubrum:
520 2460 613 2509 narium
622 2460 773 2524 receptacula
781 2458 831 2508 duo
839 2460 916 2508 moliti
927 2470 983 2510 runt
990 2477 1094 2512 coramve
1104 2464 1245 2530 geminaque
1254 2465 1407 2524 mumma.

311 2557 408 2608 quorum
417 2543 518 2592 iornieea
526 2543 571 2590 bac
581 2543 696 2606 ipraennt
705 2549 773 2604 petra
782 2548 906 2590 conterre.
915 2541 1016 2592 aedilieia
1026 2559 1081 2592 roro
1089 2545 1177 2609 partim
1187 2545 1406 2612 enpndapmin

311 2624 376 2672 varia
391 2623 469 2672 mixtio
486 2639 514 2672 er
524 2621 643 2688 lapidibus
651 2622 789 2679 effecerunt,
803 2623 854 2687 ipra
866 2622 979 2674 varietate
987 2625 1070 2674 ludum
1079 2627 1310 2690 delectationemque
1320 2626 1407 2676 neenti-

310 2703 363 2769 ejnr
382 2703 479 2769 insuper
496 2705 564 2762 muri,
582 2705 624 2768 qui
632 2704 770 2752 exteriorem
782 2703 861 2752 orbem
873 2705 1008 2762 claudebat,
1019 2707 1167 2772 rupmlieiem
1177 2722 1271 2757 omnm
1280 2723 1327 2756 ere
1336 2708 1406 2758 tanat

310 2787 455 2835 raetiarum:
472 2787 595 2851 effluerem,
607 2785 649 2850 qui
658 2785 800 2842 interiorem,
809 2793 908 2834 stanno:
927 2787 1144 2852 ejuadenique‚qui
1152 2787 1309 2838 obenmffit
1317 2803 1407 2846 mmm.

311 2867 444 2917 aurichalno
458 2868 528 2930 igtreo
543 2867 636 2930 fulgore
651 2881 757 2916 comaco.
791 2865 872 2930 Regia
879 2883 935 2916 vero
946 2866 998 2931 ipra
1006 2869 1068 2916 intra
1078 2885 1155 2918 aroern
1173 2870 1207 2918 ita
1221 2875 1365 2920 maaca.
1379 2869 1408 2918 la

311 2947 391 2996 madio
404 2963 495 2996 ramum
512 2955 537 2996 et
545 2948 708 2996 inaccereibile
719 2947 822 2997 Clitonia
833 2947 988 3012 Neptunique
998 2951 1121 3012 templum,
1130 2965 1201 2998 aureo
1209 2949 1299 2998 ambitu
1306 2950 1408 2998 dmm·

312 3029 402 3077 datum.
409 3029 468 3077 illuc
478 3043 494 3076 a
502 3028 619 3092 principio
627 3028 795 3076 onnrenienter
804 3037 936 3092 genuerunt
945 3027 1029 3078 deonna
1038 3043 1122 3093 aegina
1130 3043 1217 3094 gnua:
1233 3037 1307 3095 alqne
1316 3029 1408 3080 Νη

311 3109 437 3175 quotannis
447 3108 565 3158 udeoem
572 3107 709 3173 regionibus
717 3109 863 3173 congregati,
872 3109 1000 3174 unicuique
1010 3109 1106 3158 illorum
1113 3123 1178 3160 naara
1185 3110 1299 3158 wamma
1305 3123 1409 3174 perage·

198 3253 201 3258 ¹
311 3190 376 3240 bant.
392 3197 443 3240 erat
459 3189 568 3253 Neptuni
578 3189 691 3253 templum
706 3189 811 3238 atadium
820 3204 893 3238 unum
904 3190 1011 3253 longum,
1018 3189 1104 3254 jugera
1110 3191 1181 3238 latum
1191 3191 1244 3247 tria,
1255 3189 1332 3240 altam
1339 3205 1409 3247 m.

312 3279 426 3336 quantum
437 3269 560 3336 longitudo
568 3269 622 3334 ejua
633 3269 780 3335 latitudoque
791 3271 884 3334 erigere
892 3269 1042 3321 videbantur.
1059 3271 1136 3336 figura
1145 3271 1196 3337 ejna
1203 3271 1343 3337 apeoieaqne
1352 3271 1411 3322 bar·

311 3353 399 3402 bariae.
426 3351 520 3402 Faciem
538 3351 674 3401 exteriorem
692 3359 776 3416 preter
786 3367 894 3417 suprema
904 3351 999 3416 {artigia
1009 3359 1107 3416 argento
1116 3367 1209 3402 omnem
1220 3361 1409 3406 exornaverant:

312 3447 367 3482 uara
377 3433 481 3482 eulmina
490 3433 545 3498 ipra
554 3440 580 3482 et
590 3433 672 3497 apicer
681 3447 746 3490 auro,
758 3435 822 3482 intur
832 3442 912 3483 autem
921 3433 1043 3498 laquearia
1051 3435 1219 3492 totaebnrnea,
1228 3443 1411 3499 magnato,

312 3513 445 3564 aurichalco
462 3514 524 3562 uarie
541 3514 626 3562 cetam
640 3513 835 3578 suspiciebantur.
849 3529 932 3564 vauro
940 3515 1049 3580 parietes,
1057 3515 1186 3572 nolumnaa,
1195 3515 1333 3580 pavimenta
1342 3517 1408 3566 nari-

313 3595 397 3646 ohaleo
402 3602 579 3644 exornaverunt.
586 3601 675 3643 atatuaa
683 3595 741 3659 quin
747 3595 818 3644 etiam
824 3611 855 3644 ea
864 3611 922 3644 auro
932 3605 1063 3646 erexerunt.
1070 3597 1149 3646 Dearn
1158 3595 1252 3663 quidm
1260 3611 1328 3646 eutrn
1336 3597 1412 3646 inaia·

313 3683 411 3732 tentem,
418 3683 584 3739 tenentemque
595 3691 707 3740 equorum
723 3677 838 3725 elatorum
852 3678 963 3734 babeuaa¹
977 3678 1097 3742 laquearia
1108 3678 1252 3728 altaoetrioe
1259 3685 1410 3742 tangentem.

313 3757 377 3807 cirea
384 3759 447 3806 hunc
455 3757 574 3820 delpbinie
582 3755 713 3804 inridenter
722 3755 839 3806 Nereides
850 3765 954 3816 centiam,
963 3765 999 3808 aot
1005 3759 1070 3808 enim
1079 3773 1132 3808 aare
1139 3766 1196 3808 bane
1205 3757 1414 3810 affimat.

314 3838 447 3886 admtot
456 3846 539 3888 reama
554 3837 697 3901 denarioque
712 3839 868 3902 complurima
884 3839 1035 3904 privatorum.
1050 3839 1195 3890 erttirraaaua
1209 3839 1337 3890 exarabant
1347 3841 1412 3890 ima·

314 3917 383 3982 pinea
394 3933 470 3968 aurea
479 3919 604 3968 molientur
615 3919 721 3968 omnium
731 3919 855 3984 regimen.
868 3921 1024 3986 timeumque,
1035 3921 1169 3987 quintaque
1179 3937 1208 3970 ea
1217 3921 1315 3986 regibna
1323 3920 1412 3971 deren

314 3998 501 4048 deaceaderantr
512 4001 635 4066 melleque
646 4009 672 4050 et
690 4001 796 4065 ingentia
806 4000 931 4051 rimulaera
947 4001 1090 4068 denarioque
1100 4003 1149 4051 alia
1166 4017 1248 4068 regum
1257 4009 1284 4052 et
1304 4001 1413 4067 privato-

313 4093 374 4135 rurn,
382 4087 434 4126 tam
443 4093 510 4128 eaea
520 4081 576 4130 urbe
584 4088 635 4131 tnm
646 4097 676 4131 er
687 4081 740 4130 eliis
751 4097 831 4130 eorum
841 4083 940 4146 imperio
949 4083 1057 4133 subditia.
1072 4083 1155 4132 ederat
1163 4083 1221 4135 ilem
1229 4085 1314 4140 altare,
1332 4083 1411 4148 [ill]

315 4159 477 4223 magnimdine
485 4167 511 4208 et
519 4161 630 4218 artifieio,
638 4165 702 4226 qnod
711 4165 741 4212 ad
751 4164 867 4228 reliquum
876 4173 1013 4230 apparatum
1022 4165 1153 4228 epembat,
1163 4163 1312 4214 decenubor.
1322 4163 1411 4214 eadem

314 4239 407 4288 ratione
419 4247 444 4286 et
453 4241 525 4303 rogia
536 4249 586 4289 tem
596 4245 746 4307 amplitudini
758 4246 822 4307 regni
837 4259 908 4309 quarn
918 4245 1063 4294 ommneutr’a
1072 4245 1152 4303 aaorh,
1162 4247 1340 4296 convenientia·
1355 4253 1412 4294 nle-

314 4322 399 4370 bnntur
409 4327 488 4368 auteur
498 4321 603 4370 fontibua
612 4331 661 4371 tam
676 4325 748 4374 calidi
758 4326 854 4391 liquoria
864 4341 935 4390 qnam
945 4326 1032 4390 frigidi.
1040 4327 1092 4392 jugi
1102 4329 1199 4376 humore
1210 4327 1393 4376 exuberantibus
1403 4343 1411 4372 :

315 4403 401 4469 quibua
409 4402 486 4450 inerat
501 4401 532 4450 ad
544 4415 666 4469 uotumque
678 4421 746 4455 uaum
763 4408 863 4458 mirilico
882 4423 936 4456 eum
948 4407 1097 4472 jucunditate
1115 4408 1247 4458 mlubrirm.
1263 4423 1333 4472 porro
1346 4407 1415 4458 eim

315 4485 393 4535 iontea
402 4483 558 4533 habitationes
568 4493 706 4536 eonatruetae
716 4497 788 4538 erant
801 4499 827 4538 et
838 4489 951 4552 aquatica
966 4489 1061 4540 arborea
1070 4491 1175 4547 eandm,
1185 4489 1339 4553 receptacula
1348 4503 1415 4552 qne·

315 4583 361 4633 quo
373 4581 484 4635 uquarum
494 4565 666 4632 circumposita
678 4571 762 4633 partim
772 4570 866 4636 quidem
877 4573 921 4622 aab
932 4569 988 4620 diuo
1001 4573 1113 4637 patentia,
1125 4571 1212 4636 partim
1222 4585 1279 4620 vere
1288 4569 1333 4620 aab
1343 4577 1414 4620 terro
