3174 5306
261 549 263 556 ,
341 507 403 568 ιιι
696 533 714 546 ··
758 504 961 570 rnsnonrs
1355 511 1431 592 [ιιι

341 661 496 718 dimitemus,
519 659 597 726 deque
616 659 672 719 illis,
690 668 719 730 ut
734 661 791 714 Diis
804 665 892 728 piscet,
914 664 1034 716 disemus:
1066 663 1187 730 juninnrm
1204 679 1285 716 ιοιιιιιι
1298 663 1440 728 aninum

341 744 420 800 verbu,
431 742 507 792 sicubi
524 743 588 792 msls
601 743 736 792 bominibus
752 743 861 800 effuant,
881 743 1023 794 incusemus.
1039 745 1146 809 prolem
1163 747 1262 798 istorum
1277 739 1356 796 verbis
1373 740 1440 792 illud

341 825 448 882 efficior,
459 832 486 872 ιιι
496 840 551 874 cum
561 831 638 890 egoct
646 831 672 872 tu
681 823 733 874 brec
741 823 795 889 ipss
804 824 873 888 signs
882 838 944 887 csse,
960 824 1027 888 quod
1037 823 1081 874 Dii
1096 827 1153 884 sint,
1164 827 1295 884 sssmimtrs,
1312 825 1438 888 solemque

340 922 368 956 sc
380 907 467 964 lunum,
478 905 556 954 sidera
566 913 592 954 st
601 913 695 962 ιειιιιιι,
705 906 772 969 qussi
783 905 850 954 Deos
858 913 884 954 st
893 919 932 952 res
942 905 1045 963 divium,
1056 907 1081 956 in
1092 908 1199 956 medium
1214 906 1361 962 sdducisnus,
1377 913 1438 952 tunc

337 988 438 1052 juvenes
454 986 484 1034 sb
496 986 548 1034 istis
565 986 713 1050 sapientibus
728 985 797 1034 slites
813 984 920 1050 persnssi
941 993 1027 1034 terssm
1045 994 1071 1034 st
1086 987 1179 1052 lepides
1199 989 1250 1038 bec
1271 1001 1324 1036 esse
1345 985 1439 1040 diunt»

341 1068 478 1131 nullumque
489 1069 642 1116 burnsnsmm
651 1081 729 1114 rerum
740 1080 820 1114 cnrsm
827 1065 914 1114 bebere
924 1080 1002 1130 posse,
1014 1065 1057 1114 sed
1064 1067 1142 1118 serbis
1151 1076 1232 1120 tumen
1250 1067 1337 1116 ornetis
1354 1065 1438 1114 serisi-

340 1149 429 1196 militer
437 1163 569 1196 sermonem
580 1147 611 1196 de
620 1147 673 1194 istis
690 1161 741 1194 esse
759 1147 887 1209 digestum.
919 1146 978 1196 Cur.
996 1146 1077 1198 Grsvs
1092 1149 1119 1197 id
1138 1157 1212 1206 certe,
1229 1149 1324 1214 hospes,
1342 1147 1438 1198 etinnnsi

340 1229 486 1278 solummodo
496 1243 557 1276 nnus
566 1227 675 1276 dixisset.
691 1243 753 1276 nunc
764 1241 820 1275 vero
831 1242 861 1276 eo
871 1226 964 1291 grisiis
974 1237 1000 1276 et
1008 1229 1131 1278 molestius
1144 1238 1189 1287 est,
1208 1245 1257 1295 quo
1273 1229 1354 1294 plures
1370 1235 1437 1280 sunt.

340 1310 381 1373 qui
400 1309 491 1358 dicunt.
524 1309 628 1356 Δτιιιιιι.
645 1307 711 1364 Quid
726 1322 782 1371 ergo
797 1302 876 1358 dicere
892 1308 981 1372 quidve
995 1308 1074 1358 iscers
1088 1324 1133 1358 nos
1143 1310 1253 1374 oportet?
1270 1317 1355 1366 utrum,
1366 1307 1438 1370 qussi

340 1388 404 1454 spud
423 1389 507 1453 impios
526 1389 631 1438 homines
646 1389 750 1438 sccusnti
767 1388 847 1444 simus,
858 1388 923 1453 qnod
940 1389 1001 1439 islso
1020 1389 1089 1438 Deus
1102 1405 1154 1440 esse
1172 1391 1266 1456 lsqibus
1287 1389 1437 1442 mimus.

341 1469 373 1518 sd
387 1469 550 1518 defensionem
558 1469 723 1534 sccingcmur?
742 1468 815 1533 [887]
833 1483 863 1516 nn
873 1469 910 1518 bis
919 1469 1024 1520 dimissis
1033 1471 1063 1519 sd
1074 1472 1155 1536 legum
1164 1472 1325 1522 mentionem
1344 1470 1435 1518 iterum

340 1561 490 1607 revertemur,
507 1565 538 1598 ue
555 1549 694 1614 proemium
713 1550 794 1613 legum
814 1549 945 1600 nobishoc
961 1561 1082 1600 ermom
1109 1552 1135 1601 in
1152 1552 1267 1616 Ιοιιςιιιιιὲ
1286 1566 1339 1600 cum
1355 1549 1435 1598 orstio

341 1631 419 1680 brevis
428 1632 506 1678 funins
515 1631 611 1686 nonsit,
623 1630 644 1679 si
655 1630 735 1694 prunis
745 1631 774 1678 sd
787 1629 935 1695 impiststem
946 1631 1091 1692 bominibus,
1099 1647 1153 1696 qun
1170 1633 1300 1698 requirnnt,
1316 1629 1436 1680 sufficien-

341 1718 378 1760 ter
387 1709 512 1759 ostendere
529 1710 680 1766 voluerimus,
698 1717 769 1782 sique
792 1709 865 1758 stium
879 1718 967 1760 terrore
983 1711 1039 1760 illos
1056 1727 1071 1759 s
1090 1712 1182 1765 scelere
1203 1728 1322 1770 emeras,
1339 1711 1436 1759 ἀιιιιιιιιι

341 1805 405 1847 sero,
416 1789 613 1856 quenadmodum
625 1790 745 1848 convenit,
757 1789 901 1853 legendnm.
936 1791 991 1841 Gur.
1007 1793 1174 1856 Sepsnumero
1184 1794 1210 1843 in
1227 1794 1272 1842 boc
1289 1792 1356 1842 brevi
1373 1800 1436 1839 tem·

342 1887 407 1936 porc,
417 1874 512 1937 hospes,
523 1871 611 1920 snobis
628 1871 771 1928 dictumest,
787 1871 930 1920 brevitatem
950 1887 1002 1922 uon
1018 1887 1070 1922 esse
1088 1874 1220 1938 proiisitsti
1236 1872 1437 1938 anteponendum.

341 1952 401 2000 nihil
412 1953 536 2010 munos,
548 1960 576 2002 ut
586 1952 678 2010 dicitur,
691 1961 766 2016 urget.
783 1966 857 2016 qunre
873 1951 1003 2009 ridiculum,
1014 1953 1087 2004 simui
1103 1962 1129 2004 st
1143 1970 1241 2020 mesum
1260 1961 1331 2009 essct,
1341 1952 1367 2001 si
1382 1951 1437 2000 bse-

341 2033 408 2082 viors
418 2033 553 2082 melioribus
563 2033 734 2098 proferremus.
752 2033 851 2082 multum
858 2034 921 2082 enim
940 2035 1054 2092 conferet,
1077 2036 1099 2086 si
1114 2035 1236 2086 verisimili
1252 2035 1343 2084 atione
1360 2045 1438 2081 oensuo

342 2121 424 2162 noster
434 2113 573 2170 ostenderit,
585 2113 649 2180 qnod
659 2114 704 2164 Dii
714 2113 761 2162 sint
771 2123 797 2162 et
806 2114 863 2162 boni
880 2115 936 2172 sint,
954 2113 1201 2180 justitiannsnnttn
1216 2115 1373 2180 msgisqusm
1392 2114 1437 2160 Ιιο-

342 2193 418 2246 miues
428 2196 517 2246 colent.
528 2196 592 2260 quod
603 2196 652 2244 isne
664 2195 779 2260 optimum
790 2195 1022 2260 pulcherrimumque
1032 2195 1111 2260 legum
1120 2196 1222 2246 omnium
1239 2197 1283 2244 erit
1300 2192 1436 2242 audium.

342 2276 493 2338 quomobrem
501 2277 589 2340 ubsque
601 2276 649 2326 ulls
660 2276 767 2326 molestis
776 2284 847 2339 utque
858 2274 1010 2324 tesfinntione
1027 2290 1070 2339 pro
1087 2275 1174 2324 viribus
1190 2275 1249 2324 nibil
1266 2271 1436 2339 praesmissa·

342 2357 476 2422 mus‚quod
486 2357 518 2406 sd
528 2359 649 2406 bsncrsm
660 2358 849 2421 persusdendsm
863 2357 990 2421 pertinent.
1021 2354 1124 2406 Arsen.
1138 2356 1188 2406 Iste
1204 2370 1281 2407 samu
1298 2362 1352 2402 tuus
1370 2351 1436 2400 sdeo

341 2445 366 2488 ts
376 2445 485 2502 puratum
496 2446 677 2502 promptumque
687 2438 800 2495 ostendit,
812 2445 839 2486 ut
848 2438 878 2486 nd
892 2453 974 2502 preces
985 2445 1109 2502 votumque
1119 2436 1230 2486 sidentur
1240 2449 1379 2498 punem,
1389 2448 1437 2482 neo

343 2534 432 2567 morsm
442 2519 544 2582 emplius
563 2519 674 2582 patietur.
692 2534 772 2566 venum
790 2518 908 2582 quomodo
926 2519 978 2568 sine
998 2518 1033 2566 irs
1053 2532 1105 2567 essu
1124 2517 1210 2582 stiquis
1229 2515 1299 2564 Deos
1318 2513 1436 2562 dissent?

342 2599 534 2660 pmsertimcutn
545 2611 644 2646 necesse
655 2597 686 2646 sit
695 2597 863 2662 greviterierre
874 2599 999 2662 odioseque
1011 2611 1062 2655 eos,
1076 2598 1118 2662 qui
1132 2598 1215 2646 borum
1230 2595 1353 2644 verborum
1368 2593 1436 2642 nubis

343 2692 439 2726 csumm
448 2678 606 2742 prebuerunt.
620 2677 648 2726 bi
658 2685 722 2726 certe
732 2678 855 2742 upumitis
866 2679 896 2726 sd
915 2677 983 2728 Dsus
997 2676 1147 2727 sdirrnsndos
1163 2693 1192 2726 eo
1204 2677 1306 2728 menime
1323 2675 1435 2727 inducens

343 2759 449 2808 nuimum
459 2766 593 2822 potuerunt,
602 2757 675 2822 quod,
686 2757 743 2806 dum
760 2759 822 2807 lscte
837 2760 988 2816 nnnnenun,
1006 2774 1021 2808 e
1041 2759 1170 2809 nutricibus
1184 2759 1346 2822 muniensque
1362 2755 1436 2804 mults

343 2838 374 2888 de
385 2839 434 2886 illis
440 2840 495 2904 joco
506 2840 603 2888 etserio
619 2839 683 2888 dictu
701 2839 873 2903 decnntstsque
889 2841 913 2888 in
925 2840 1070 2890 orstionibus
1084 2839 1220 2896 sudiebsnt,
1238 2847 1264 2886 st
1278 2839 1304 2886 in
1318 2835 1437 2886 sucrificiis

344 2919 457 2978 videbunt
466 2928 623 2970 consentsncs
633 2935 733 2985 quaequs
743 2921 790 2970 illis
798 2921 858 2978 fieri,
869 2937 922 2986 quse
935 2922 1071 2970 suavissime
1082 2921 1151 2986 pueri
1160 2927 1187 2970 et
1196 2919 1279 2968 rident
1292 2925 1317 2966 et
1327 2915 1435 2972 sudiunt.

344 3003 403 3050 dum
413 3010 521 3066 petentes
529 3017 610 3050 eornm
621 3017 711 3050 summo
721 3001 800 3050 studio
810 3017 852 3065 pro
860 3018 886 3052 se
895 3003 1023 3066 liberisque
1042 3002 1173 3052 sucrificnre
1190 3015 1300 3062 moreque
1316 2997 1437 3062 supplices

345 3081 421 3140 Deos,
433 3084 500 3148 qussi
510 3099 579 3148 quom
589 3083 692 3132 maxime
706 3082 748 3130 Dii
758 3084 814 3140 sint,
826 3085 948 3134 riderent:
965 3099 1010 3132 nec
1026 3099 1074 3132 non
1091 3081 1197 3147 quotidie
1207 3081 1233 3130 in
1242 3089 1294 3128 ortu
1306 3087 1332 3126 et
1347 3093 1434 3126 necnon

344 3163 509 3230 soliseclunae
521 3162 773 3212 Grecosetbarbnos
787 3179 878 3221 omnes,
897 3171 945 3212 tem
964 3164 990 3212 in
1009 3163 1078 3212 rebus
1101 3162 1203 3212 sdssssis
1221 3175 1293 3226 quem
1313 3155 1434 3213 secundis·

343 3245 509 3308 conspicerent
519 3244 657 3309 suppliciter
667 3243 779 3292 sdnrsue:
802 3254 873 3307 etque
885 3247 969 3294 exhoo
986 3259 1038 3292 non
1056 3244 1225 3308 suspicionem.
1243 3237 1306 3305 quod
1323 3239 1367 3288 Dii
1385 3253 1434 3288 uon

344 3325 399 3384 sint,
412 3326 496 3374 efferre
505 3343 513 3386 ;
523 3325 567 3374 sed
575 3325 745 3382 testimonium,
757 3324 821 3388 qnod
831 3326 888 3382 sint,
900 3327 989 3390 ubsque
1000 3325 1159 3374 controversis
1169 3324 1303 3388 perbibere.
1320 3320 1394 3386 [888]
1412 3327 1437 3368 ιι

344 3421 401 3456 vero
411 3407 512 3470 quibnc
523 3407 611 3463 omniu,
622 3405 688 3454 nulls
702 3406 801 3462 udone,
816 3415 844 3454 ιιι
864 3407 952 3456 mentis
968 3421 1064 3470 compos
1081 3406 1185 3470 quilibet
1201 3403 1300 3460 diceret,
1318 3403 1376 3452 muti
1393 3403 1436 3450 dc·

344 3488 456 3554 spiciunt,
478 3496 649 3552 proptereaqus
671 3501 715 3534 nos
736 3487 766 3534 sd
785 3487 837 3534 bec
857 3486 961 3536 dicendo
981 3486 1141 3552 compellunt:
1163 3501 1211 3550 quo
1223 3493 1293 3551 pscto
1309 3497 1351 3532 ens
1370 3497 1436 3530 nunc

344 3570 470 3620 mansuetis
478 3567 556 3616 verbis
565 3570 680 3630 corrigere
689 3575 714 3614 et
725 3568 834 3630 primurn,
845 3567 910 3631 qnod
922 3567 966 3616 Dii
983 3568 1040 3624 sint,
1051 3567 1138 3616 docere
1150 3567 1289 3630 pommus?
1305 3563 1435 3613 sudesmus

345 3657 433 3707 umen,
449 3666 494 3700 nec
511 3649 573 3698 enim
590 3647 667 3704 decet,
679 3663 733 3697 cnm
743 3647 780 3695 illi
792 3649 915 3712 voluptste
926 3647 1061 3714 perduntur,
1072 3663 1117 3698 nos
1127 3663 1221 3713 qunque
1239 3648 1274 3696 irs
1286 3647 1313 3694 in
1330 3660 1373 3694 eus
1381 3659 1435 3694 cos»

344 3732 430 3796 nimpi.
446 3727 661 3797 quapropteromni
671 3727 828 3778 concitetione
845 3730 917 3778 snimi
934 3730 1057 3786 exstinctu,
1075 3729 1213 3794 proemium
1231 3727 1263 3778 sd
1273 3742 1323 3784 cos,
1343 3726 1386 3790 qui
1403 3725 1437 3774 its

344 3822 424 3862 mente
435 3812 539 3876 corrupti
547 3819 612 3872 sunt,
621 3805 790 3876 sggredismur,
799 3818 824 3858 et
832 3810 901 3874 qussi
910 3809 942 3859 ed
951 3827 1023 3860 unurn
1041 3827 1120 3860 eorum
1140 3810 1175 3859 its
1192 3809 1323 3859 orationem
1341 3821 1436 3856 munnu-

344 3901 384 3942 cte
391 3905 506 3942 vertamus
516 3910 523 3954 ;
542 3892 614 3949 Ofili,
621 3891 716 3956 juvenis
726 3889 803 3938 odbuc
811 3907 837 3938 es
847 3909 852 3937 :
865 3906 911 3940 nec
921 3890 1013 3948 dubito,
1025 3893 1083 3955 quin
1092 3891 1224 3956 progressio
1232 3889 1347 3954 temporis
1357 3888 1437 3942 incisi,

344 3981 372 4022 nt
383 3973 412 4021 de
425 3975 502 4023 multis
512 3974 581 4022 nliter
591 3988 663 4036 quum
670 3988 733 4021 nunc
743 3973 839 4022 sentius.
854 3980 969 4037 suspects
978 3973 1057 4036 igitur,
1070 3987 1117 4029 uro,
1129 3979 1156 4020 nt
1164 3981 1221 4020 tunc
1232 3971 1263 4020 de
1279 3970 1349 4018 rebus
1363 3969 1436 4018 nussi-

344 4053 493 4119 misjudices.
508 4054 635 4104 mesimuun
646 4061 723 4102 sutem
733 4061 776 4111 est,
787 4053 851 4118 qnod
862 4063 886 4104 tu
905 4056 977 4103 modo
990 4055 1049 4102 nibil
1065 4053 1190 4110 arbitreris,
1209 4059 1236 4100 ιιι
1253 4059 1316 4100 cents
1332 4050 1364 4098 ds
1382 4049 1436 4098 Diis

322 4123 325 4130 Δ
343 4136 473 4184 sentientes
481 4135 663 4192 benevissnsos,
672 4150 751 4184 verum
761 4135 835 4184 siboc
846 4135 918 4184 inuis
928 4150 1081 4200 permagnum
1092 4134 1138 4182 tibi
1149 4132 1322 4189 steriliosvsro,
1337 4131 1434 4180 minime

344 4215 451 4264 montisc.
466 4232 513 4266 nun
525 4217 624 4266 rosolus
634 4231 679 4264 nec
690 4217 760 4265 umici
771 4217 805 4265 tui
819 4217 888 4282 priori
906 4219 967 4266 bene
986 4218 1017 4266 ds
1036 4214 1092 4264 Diis
1110 4215 1246 4280 opinionem
1264 4213 1370 4263 bebetis:
1390 4213 1433 4260 sed

343 4298 417 4362 aliqui
428 4313 529 4362 semper,
540 4305 589 4348 turo
602 4298 680 4362 plnres
689 4304 740 4345 tum
748 4299 879 4362 penderes,
892 4300 935 4348 boc
947 4298 1026 4348 morbo
1039 4297 1156 4346 lubornnt-
1172 4293 1237 4360 quud
1252 4309 1309 4343 vero
1327 4293 1436 4358 plurimis

342 4380 436 4428 illnnrm
448 4379 553 4444 contigit.
561 4378 605 4428 tibi
622 4377 729 4426 nunno.
745 4379 850 4444 prolecto
872 4379 950 4428 nullus
971 4393 1053 4427 eorum
1075 4377 1105 4425 sb
1129 4375 1291 4430 adolescentis
1311 4389 1386 4438 usque
1403 4373 1433 4422 sd

344 4469 464 4512 senectam
476 4460 502 4510 in
518 4462 563 4508 buc
579 4458 698 4522 opinione,
716 4459 780 4523 quod
796 4461 840 4510 Dii
857 4475 905 4509 non
921 4459 977 4516 sint,
997 4459 1163 4524 perseveravit.
1177 4455 1263 4520 reliqui
1283 4463 1364 4504 sutem
1385 4455 1434 4502 duo

344 4542 417 4590 norbi
428 4540 535 4606 quumvis
544 4553 593 4590 non
603 4539 819 4596 muneremini·
828 4549 905 4592 nmen
916 4548 1104 4608 permsnserunt,
1122 4539 1186 4606 quod
1203 4537 1248 4590 Dii
1263 4535 1312 4590 sint
1328 4535 1434 4600 quidm,
