3174 5306
327 514 387 574 ors
674 507 841 570 rucenrr
862 507 1070 569 nocroms
1356 507 1430 590 [ser

325 669 405 728 puter,
416 669 443 714 ut
453 663 495 714 ulii
505 661 643 714 eorumDii
652 663 709 719 sint,
720 662 761 712 elil
772 662 868 712 rnininre
879 678 890 723 ς
906 661 948 712 elii
955 661 1066 726 legitimi,
1081 661 1125 712 elii
1143 663 1213 720 teies,
1224 664 1307 727 qneles
1318 661 1388 711 netes
1395 671 1439 712 rat

330 744 410 794 dicere
421 762 427 790 :
446 745 489 794 sed
500 760 582 794 omnes
590 745 673 816 iretres
683 751 708 793 et
725 744 751 792 in
769 743 879 792 irnurnis
888 743 1110 808 somibnsvirentss
1120 744 1237 800 diamur,
1248 744 1325 808 lisque
1335 745 1439 794 heum

330 823 460 874 reddemus
472 843 479 871 ι
495 841 544 874 uon
561 825 603 874 ulii
623 839 719 881 sunum,
730 825 772 874 ulii
779 839 899 880 *mensem
910 823 1152 874 sliinnllumsortom
1162 826 1285 874 nnllnrnre
1294 833 1399 889 tempus,
1409 825 1439 874 ίι

328 920 382 968 ¹qno
391 906 506 959 oirmdnm
516 921 585 954 sunm
595 905 719 970 percurrit,
729 905 846 953 mnndum
856 913 1014 967 ornatumque
1021 919 1071 953 nnn
1080 905 1216 968 perficiens,
1227 921 1298 968 qoem
1305 905 1368 953 retio
1383 919 1438 953 om·

332 985 398 1034 nium
408 986 559 1036 divinissime
568 986 687 1036 visibilem
698 986 790 1035 stetoit.
806 987 869 1034 huno
879 985 915 1034 eir
925 985 983 1034 lelix
1002 985 1105 1049 primum
1120 999 1269 1049 summopere
1288 985 1437 1034 edmerus:

332 1065 421 1116 deiude
431 1067 563 1130 cupiditate
571 1066 639 1116 etdet
648 1081 679 1115 en
689 1065 808 1122 discendi,
819 1081 966 1130 quecunque
976 1080 992 1114 ι
1001 1073 1087 1115 nunno
1096 1067 1192 1115 mortali
1208 1065 1302 1130 percipi
1318 1075 1418 1130 ponet
1429 1083 1436 1112 r

333 1147 368 1196 sic
378 1147 504 1198 arbitratus
513 1147 604 1210 optime
615 1153 687 1212 etque
697 1147 835 1197 felicissime
847 1161 874 1195 ee
885 1146 1011 1204 victurum,
1020 1153 1046 1195 et
1056 1161 1111 1195 cum
1119 1147 1267 1203 decemrit,
1284 1146 1316 1194 ed
1330 1161 1438 1210 empne

331 1227 415 1276 virtuti
421 1228 475 1277 loos
484 1236 618 1277 vsntnmm.
633 1236 704 1294 etque
715 1229 750 1277 its
761 1244 815 1278 vere
825 1228 943 1283 icitietns,
955 1228 1043 1292 etipse
1052 1242 1112 1276 unns
1122 1243 1195 1275 unum
1204 1241 1287 1276 revere
1293 1227 1437 1292 sapientiem
1510 1220 1515 1228 '

332 1315 425 1365 omos,
434 1310 552 1372 reliquum
560 1318 653 1374 tempus
660 1311 685 1358 in
691 1325 771 1358 rerum
778 1310 884 1358 omnium
892 1309 1101 1374 pulcherrimorum
1109 1308 1313 1372 oonmrupletione
1321 1313 1438 1356 rusum.

334 1395 390 1452 post
404 1389 465 1452 hec,
476 1406 530 1454 qne
543 1399 568 1439 et
580 1399 638 1454 quot
648 1399 713 1448 sunt,
725 1391 855 1440 dicendum
865 1399 911 1438 est.
922 1389 1033 1453 equidem
1044 1389 1161 1438 nffirnrm
1171 1388 1250 1438 sndeo
1260 1403 1380 1453 umqum
1391 1401 1440 1436 nos

334 1468 361 1518 in
372 1470 417 1519 hoc
427 1471 555 1520 menduces
565 1471 623 1520 lore.
635 1473 722 1522 iterum
732 1479 787 1521 octo
797 1487 850 1520 esse
861 1471 962 1520 dicimus
972 1488 977 1518 r
996 1485 1094 1534 qnorum
1110 1477 1159 1518 tres
1174 1468 1246 1518 dicto
1255 1475 1318 1524 sunt,
1327 1468 1437 1533 quinque

333 1557 433 1600 restem.
449 1560 532 1614 quartu
545 1568 601 1602 vero
619 1561 645 1601 et
660 1553 744 1617 quinto
761 1553 820 1602 letio
832 1561 857 1600 et
867 1552 988 1602 euinctus
997 1548 1168 1616 equuliiesme
1178 1549 1365 1600 velociteteonm
1381 1549 1437 1598 sole

335 1628 452 1678 lenietur.
468 1632 549 1696 inque
560 1649 639 1698 neque
649 1635 768 1683 tardiores
778 1641 834 1682 sunt
844 1647 924 1697 neque
935 1631 1075 1682 velociores.
1085 1639 1158 1695 etque
1168 1632 1252 1679 herum
1260 1629 1332 1679 trium
1342 1643 1438 1694 scopu

335 1710 455 1760 sufficiens
472 1711 557 1762 ductor
574 1723 612 1762 est
628 1714 779 1764 intellectus:
797 1715 863 1772 solis,
875 1713 938 1770 dico,
951 1722 976 1762 et
986 1712 1090 1770 ludicri,
1100 1719 1128 1760 et
1136 1709 1202 1760 tertii
1210 1711 1288 1766 illins,
1298 1710 1371 1775 qnod,
1381 1725 1438 1758 cum

334 1791 469 1853 ignoretur,
477 1795 603 1842 <nominari
613 1811 661 1842 non
672 1803 760 1859 potest.
776 1795 975 1860 quodpropterse
982 1794 1074 1842 tectum
1081 1800 1127 1848 est,
1135 1791 1347 1856 qnoniemprimns
1354 1792 1439 1839 lter-r

336 1885 416 1920 rerum
434 1881 553 1936 spectetur
569 1875 681 1924 burburus
698 1876 753 1924 init.
769 1876 867 1938 antiqno
881 1876 944 1924 enim
960 1875 1028 1938 regio
1043 1875 1098 1922 illos
1114 1873 1184 1929 eluit,
1200 1871 1241 1936 qni
1252 1879 1349 1936 propter
1358 1871 1440 1921 estivi

336 1954 450 2016 temporis
465 1954 616 2006 sereniorem
632 1956 704 2018 primi
723 1957 774 2004 lrrec
792 1955 954 2018 inspexerunt.
971 1955 1044 2019 [98⁴1]
1062 1955 1118 2002 telis
1136 1954 1258 2018 AEgyptns
1268 1959 1295 2000 et
1304 1951 1373 2016 Syris
1383 1951 1440 2008 init.

337 2035 380 2083 ubi
390 2035 466 2083 stello
473 2049 567 2100 semper
577 2051 669 2096 omnes,
677 2043 705 2084 ut
714 2035 747 2084 ite
755 2036 864 2093 dixerim,
873 2037 937 2084 clere
945 2042 1087 2083 cernuntur:
1105 2033 1162 2098 quin
1171 2033 1353 2098 eoelimpectnm
1360 2034 1441 2080 nobee

338 2123 364 2164 et
380 2115 467 2179 plurise
484 2131 533 2164 non
550 2115 692 2181 impediunt.
709 2115 765 2164 inde
781 2117 829 2165 hnc
845 2123 871 2164 et
886 2117 934 2164 elio
945 2131 1096 2180 quocunqne,
1108 2114 1202 2163 infinito
1211 2121 1316 2178 tempooe
1326 2112 1441 2176 proban,

336 2195 386 2244 ists‘
401 2204 534 2244 mensnsnt.
549 2207 691 2262 quapropter
708 2212 796 2261 mogun
813 2213 866 2246 cnm
885 2196 972 2246 fiducie
989 2197 1041 2244 hec
1057 2195 1151 2260 legibm
1162 2195 1301 2242 nncimtm.
1317 2193 1439 2242 ται-ὼ

338 2275 433 2326 divinos
449 2293 498 2326 non
512 2269 576 2327 esse*
584 2277 732 2327 reuerendus
750 2278 867 2334 arbitrari,
882 2285 925 2326 out
935 2279 986 2324 hec
996 2290 1147 2341 nequaquem
1157 2289 1207 2324 eme
1219 2272 1307 2330 divine,
1317 2281 1441 2321 extremo

339 2356 466 2406 dementiae
483 2359 553 2407 foret.
576 2360 639 2422 quod
658 2367 736 2408 nutem
753 2359 892 2407 nominibus
909 2365 1043 2413 caruerunt,
1061 2371 1130 2406 muse
1147 2355 1211 2404 dieu
1228 2361 1280 2402 eet:
1305 2353 1442 2418 egnom‘n

339 2445 420 2486 temen
439 2438 545 2488 Deorum
562 2447 653 2487 tenent.
670 2439 754 2488 lucifer
767 2439 839 2496 enim,
858 2439 899 2503 qui
918 2447 944 2487 et
961 2453 1047 2502 vesper
1064 2447 1109 2494 est,
1124 2433 1354 2498 neuonphmdnis,
1364 2433 1443 2482 idest

339 2518 450 2575 Veneris,
473 2535 524 2568 esse
542 2519 643 2568 dicitur:
660 2519 726 2584 qnod
743 2519 834 2569 dictum
851 2520 921 2585 Syrio
935 2519 1056 2568 nominum
1071 2513 1242 2566 suctorivnlds
1251 2529 1384 2578 congruum
1393 2523 1442 2562 est.

339 2599 412 2647 stelle
432 2615 495 2655 sero,
516 2615 568 2664 qne
580 2601 704 2663 equaliter
720 2601 794 2650 lmine
809 2615 863 2650 cum
882 2601 931 2648 sole
949 2607 975 2647 et
991 2600 1036 2648 boc
1055 2599 1135 2656 currit,
1152 2596 1276 2646 Mercurii.
1291 2603 1442 2644 restenttres

340 2679 418 2728 edlrno
438 2679 537 2728 lotiones
554 2695 642 2738 eornm,
664 2683 706 2746 qni
728 2681 759 2730 ed
777 2681 885 2730 dextrum
907 2697 961 2730 cum
983 2681 1032 2728 sole
1053 2681 1160 2742 luneque
1182 2684 1314 2726 morentur.
1329 2685 1439 2724 mrum

340 2769 457 2824 pretereo
467 2761 554 2810 circum
564 2777 638 2811 unum
649 2769 742 2826 oportet
753 2762 842 2818 dicere,
850 2777 921 2826 quem
929 2761 980 2826 juro
990 2759 1106 2808 mundum
1118 2773 1244 2822 supernum
1253 2757 1308 2822 quis
1315 2771 1441 2818 Μωμ-

340 2839 391 2889 bit:
408 2841 450 2906 qni
459 2851 542 2890 contre
551 2859 621 2906 quem
633 2843 708 2891 ceteri
720 2851 824 2891 moretur
833 2851 970 2907 ceterosque
982 2857 1061 2889 secum
1073 2841 1153 2892 trehit.
1171 2849 1197 2886 nt
1213 2837 1348 2886 huminibus
1359 2851 1440 2900 pun

340 2919 372 2969 de
389 2923 420 2970 iis
437 2923 677 2974 scientibn'eeidetur.
693 2923 737 2972 sed
746 2939 845 2972 necesse
857 2931 895 2972 est
910 2938 940 2972 eu
951 2923 1039 2979 dicere,
1050 2937 1103 2985 que
1113 2921 1258 2969 sufficienter
1268 2919 1441 2982 cognoscisne.

340 3017 398 3050 vers
407 3004 472 3051 enim
481 2991 597 3067 sepientis
608 3005 651 3052 hec
662 3004 752 3053 radone
762 3003 937 3068 qnodrmrnodo
949 3003 983 3051 illi
994 3010 1102 3067 epperet.
1124 3001 1168 3066 qui
1185 3001 1222 3049 vel
1240 2999 1356 3048 modicum
1379 2999 1442 3062 quid

340 3091 412 3132 rectu.»
422 3085 555 3147 dir-ineque
565 3085 731 3149 intelligentius
749 3093 833 3133 nectus
850 3093 896 3133 est.
911 3084 1010 3147 reliques
1029 3091 1083 3131 eunt
1102 3083 1179 3131 stelle
1195 3091 1255 3130 tres:
1271 3093 1368 3144 quornm
1386 3093 1442 3126 unu

342 3164 427 3212 ceteris
437 3163 524 3214 tardior
534 3173 579 3220 est,
588 3179 642 3230 qun
652 3166 747 3214 Saturni
758 3167 853 3214 nomine
865 3181 880 3213 e
891 3165 1032 3230 quibusdem
1044 3164 1233 3228 cognominatur.
1248 3175 1299 3225 qu·
1308 3169 1363 3222 post
1372 3159 1443 3206 line

342 3245 388 3292 situ
398 3253 423 3293 et
434 3244 545 3293 tarditate
556 3245 658 3309 ponitur,
669 3245 737 3295 Joris
748 3261 800 3295 esse
811 3247 918 3296 dicetur:
937 3245 1023 3294 deinde
1041 3246 1135 3300 Mortis,
1144 3245 1186 3308 qui
1196 3253 1323 3292 ceterorum
1332 3238 1443 3288 menime

340 3325 428 3372 rubens
447 3335 492 3373 est.
507 3327 558 3374 hnc
579 3325 713 3382 intellectu,
732 3327 752 3374 si
774 3328 829 3390 quis
845 3335 959 3391 exponet,
976 3325 1084 3374 difficilis
1093 3340 1144 3373 non
1159 3331 1232 3372 sunt:
1249 3321 1293 3370 sed
1311 3329 1443 3384 μαιμ-

341 3405 493 3460 intellexeris,
513 3406 547 3454 ite
564 3406 594 3453 ds
614 3407 659 3462 his,
675 3414 703 3454 ut
719 3407 829 3464 diximus,
841 3407 1022 3456 existimendum
1032 3415 1078 3455 est.
1093 3405 1153 3454 illud
1165 3405 1236 3453 etiem
1247 3402 1345 3451 cuilibet
1354 3400 1446 3450 Groeo

342 3485 464 3534 sciendum
483 3495 528 3543 est,
548 3501 592 3534 nos
609 3489 729 3550 regionem
740 3488 771 3536 nd
781 3489 893 3537 virtutem
904 3489 1010 3536 omniurn
1020 3501 1089 3552 piene
1100 3487 1216 3551 optimnrn
1227 3484 1341 3532 habitere.
1356 3483 1381 3530 in
1392 3483 1443 3530 hoe

341 3567 444 3614 menime
459 3567 512 3616 leus
527 3566 630 3630 regionis
648 3567 717 3631 liujus
735 3569 853 3625 consistit,
869 3569 932 3632 quod
950 3569 1012 3618 inter
1032 3569 1157 3616 hiemalem
1167 3565 1322 3628 aestivnmqne
1332 3571 1442 3611 mrem

341 3647 421 3695 medie
441 3655 484 3694 est.
501 3648 612 3709 qnoniam
628 3663 684 3696 vero
704 3631 780 3713 megin
797 3664 866 3713 quern
884 3649 983 3705 barbari,
1003 3659 1032 3698 ut
1050 3649 1161 3704 dicimus,
1179 3646 1302 3695 ebaestirn
1311 3643 1443 3692 serenitute

341 3727 472 3776 distemus:
490 3729 573 3776 honrm
582 3727 688 3778 Deorum
699 3731 806 3778 ordinem
816 3729 904 3779 tardius
914 3731 1084 3779 intelleximus.
1098 3743 1181 3777 verum
1199 3725 1313 3791 quicquid
1329 3723 1408 3773 Grati
1425 3741 1443 3772 ι

340 3807 443 3856 berberis
453 3823 576 3872 occepere,
587 3810 845 3859 meliusreddidrmnt.
861 3813 924 3874 quod
942 3819 967 3860 et
982 3813 1008 3860 in
1019 3813 1064 3868 his,
1076 3825 1130 3876 qne
1139 3807 1212 3857 modo
1224 3813 1360 3860 ensurius.
1372 3805 1442 3868 00ζὶ-

341 3895 392 3935 tere
401 3889 530 3938 debemus:
549 3889 621 3953 quod,
632 3891 739 3953 quemvis
750 3891 847 3940 inventu
859 3893 910 3940 hec
920 3891 1027 3940 difficilis
1038 3893 1092 3948 sint,
1103 3905 1189 3954 mugnn
1199 3895 1289 3936 ¹temen
1307 3901 1362 3950 spes
1369 3883 1445 3932 nemis

342 3975 388 4023 est,
400 3967 498 4018 Grecos
509 3971 664 4034 prrestuntiori
671 3973 747 4028 cultu,
766 3970 840 4036 [⁹88]
858 3987 949 4036 quamn
959 3971 1064 4020 herberie
1073 3969 1218 4034 roceperint,
1228 3970 1271 4015 bos
1281 3965 1348 4014 Deos
1358 3981 1446 4014 omres

340 4049 503 4104 honoraturos,
521 4065 549 4098 uc
568 4059 617 4098 tum
638 4052 766 4116 discipline
788 4061 838 4100 tom
859 4053 983 4117 Delphicis
1002 4051 1104 4101 urceolis
1120 4049 1230 4104 monitos,
1246 4047 1312 4096 omni
1330 4047 1442 4110 legitime

341 4129 505 4177 observatione
534 4129 665 4196 diligenter.
681 4141 855 4196 prosecuturos.
883 4147 928 4182 nec
950 4132 1089 4182 Greccrnrn
1113 4131 1232 4195 quisptam
1250 4127 1371 4176 existimet
1391 4141 1442 4175 non

339 4221 449 4273 oportere
467 4200 576 4260 mortales
594 4213 624 4260 de
642 4212 731 4262 divinis
746 4214 817 4263 rebus
833 4220 953 4263 treeture:
971 4213 1013 4261 sed
1024 4211 1347 4273 oontrsomninopntetneo
1358 4213 1441 4254 mente

338 4306 418 4341 cerere
439 4291 517 4339 Deum
536 4307 613 4356 neque
632 4304 740 4342 ueterem
757 4297 853 4344 numeni
865 4295 959 4358 generis
970 4295 1085 4358 ignorum.
1101 4293 1147 4341 ecit
1155 4289 1223 4342 euim
1231 4305 1257 4338 se
1267 4287 1444 4336 moenita

258 4377 260 4382 '
339 4381 459 4422 secuturos
471 4373 587 4430 homines,
600 4383 633 4430 ut,
646 4391 698 4438 qum
709 4374 831 4432 docentur,
842 4375 986 4440 perdiscant.
1003 4375 1067 4439 qnod
1079 4383 1157 4422 nutem
1168 4383 1292 4418 nnmerum
1302 4381 1444 4416 numerere-

338 4471 384 4518 que
395 4453 474 4509 dccet,
484 4454 594 4518 quodque
605 4471 649 4504 nos
659 4454 771 4519 idipsum
789 4458 909 4514 discimus,
920 4472 967 4506 non
977 4455 1078 4520 ignoret.
1095 4455 1115 4502 si
1125 4453 1190 4502 enim
1202 4449 1227 4499 id
1237 4449 1363 4514 ignoreret,
1374 4461 1444 4496 esset

336 4534 437 4584 clunium
462 4534 643 4585 amentissimus.
660 4543 722 4586 certe
744 4543 776 4592 et,
798 4538 862 4601 quod
882 4539 964 4596 iertur,
986 4535 1123 4598 occideret:
1150 4535 1202 4600 ipse
1226 4529 1290 4580 enim
1312 4543 1337 4576 se
1360 4529 1444 4593 ipsum
