3208 5308
353 499 392 556 ιι
803 482 1005 544 PLATONlS
1387 484 1470 556 [229

355 645 546 698 suosdeiunctos
556 643 651 710 egregio
661 643 742 690 iuuere
754 638 883 695 decorerit,
894 637 928 686 sic
938 651 954 684 n
972 635 1025 684 liliis
1044 635 1093 686 suis
1111 636 1223 700 preclare
1241 645 1314 704 etque
1330 639 1462 704 magnifice

357 726 493 790 sepelietur.
524 725 569 775 So.
586 723 647 786 Hui,
658 721 708 778 hui,
719 737 735 770 o
745 718 925 784 Hippie‚qusm
938 716 1034 766 mirifice
1045 723 1071 766 et
1080 716 1232 776 excellenter,
1248 726 1274 778 et
1291 725 1319 768 nt
1336 727 1361 768 te
1379 721 1462 778 decet,

355 806 447 858 diffisi,
463 821 505 870 W
514 805 644 860 monem,
656 801 725 850 „lde
736 811 759 850 re
770 815 834 858 emo,
844 798 901 864 quis
911 797 969 850 mihi
979 797 1065 846 rideris
1076 814 1168 846 summe
1177 815 1232 850 curu
1243 799 1409 849 benevolentis
1416 817 1462 865 pro

356 887 444 936 viribus
455 886 571 936 suxilieri.
605 884 688 932 Virum
700 889 778 930 temen
789 879 854 928 illum
866 879 971 928 nondum
982 878 1219 942 comprehendimus:
1238 879 1280 930 md
1288 881 1461 930 nnuoeiinsins

357 983 410 1030 uos,
421 963 675 1023 mutmsdqrtdebir.
707 962 771 1012 Ηιι.
786 959 808 1009 0
821 960 927 1024 ineptum
945 958 1032 1008 risum!
1051 974 1104 1008 cum
1122 960 1187 1008 enim
1207 959 1266 1010 nihil
1284 961 1395 1010 edrersm
1413 961 1460 1008 ists

359 1047 462 1110 prolerre
480 1047 566 1101 relest.
583 1045 660 1094 rident
679 1052 768 1102 ιιιιιιι,
784 1055 810 1090 se
827 1041 906 1104 iprum
925 1039 1020 1103 ridebit,
1037 1037 1112 1104 [m]
1131 1039 1333 1104 presentibusque
1350 1041 1460 1090 omnibus

358 1128 411 1191 ipse
422 1125 524 1177 ludibrio
535 1125 586 1174 erit.
619 1121 749 1174 sosimus
759 1121 793 1170 sic
803 1136 828 1170 se
839 1135 875 1170 res
885 1121 966 1170 hebet.
982 1119 1043 1168 forte
1060 1119 1131 1169 etiem
1150 1135 1180 1168 es
1198 1121 1244 1170 beo
1261 1120 1423 1184 responsione,
1433 1127 1462 1168 ιιι

359 1223 405 1272 ego
417 1207 540 1264 rsticinor,
551 1221 599 1256 non
611 1205 685 1254 solutu
705 1202 804 1250 illudere
817 1216 854 1248 ms
872 1200 978 1250 audebit.
1010 1199 1072 1249 Ηιι.
1089 1199 1155 1258 Quid
1174 1200 1251 1250 ultrei
1284 1200 1328 1250 80.
1344 1200 1370 1250 Si
1387 1201 1459 1249 hecu-

360 1288 409 1336 lum
422 1287 539 1344 hebuerit,
550 1301 627 1350 neque
645 1299 691 1348 ego
709 1283 789 1332 stetim
807 1280 1000 1344 iugermcedere
1020 1295 1058 1328 me
1075 1279 1207 1330 obnubitur.
1239 1279 1302 1330 lire.
1319 1280 1386 1338 Quid
1405 1281 1460 1328 eis?

359 1382 390 1416 ιιι
402 1372 457 1416 tuns
468 1366 508 1416 ille
518 1365 645 1416 dominus?
663 1363 683 1412 ri
695 1363 737 1410 tibi
748 1359 873 1424 injuriatus
890 1359 969 1417 luerit,
980 1375 1029 1408 non
1040 1359 1107 1408 debit
1117 1359 1218 1423 pmnes'?
1235 1376 1267 1410 en
1276 1359 1366 1424 injuste
1383 1369 1458 1410 vesus

358 1446 451 1502 civiles.
470 1446 608 1508 sedereque
626 1459 653 1492 se
671 1447 753 1490 mutuo
773 1441 836 1490 ciree
857 1439 988 1504 permittit?
1021 1439 1065 1490 So.
1082 1439 1156 1488 Nullo
1178 1441 1259 1490 modo.
1291 1440 1352 1492 Ηιι.
1370 1440 1458 1490 Nonne

357 1525 430 1588 igitur
441 1525 561 1588 punietur,
572 1524 593 1572 si
604 1530 627 1574 te
638 1521 726 1586 injuste
738 1521 894 1584 percusserit?
927 1521 969 1569 So.
986 1519 1043 1570 Non
1063 1520 1152 1584 injuste
1173 1522 1279 1586 quidem,
1291 1537 1306 1569 o
1327 1521 1459 1586 Hippuri

359 1603 416 1652 tulin
426 1604 600 1668 responderem,
611 1603 652 1652 sed
663 1601 717 1665 jure
727 1601 784 1648 mihi
794 1601 896 1651 ridetur.
928 1600 990 1650 lire.
1008 1600 1071 1648 Mihi
1088 1616 1192 1665 quoque,
1202 1602 1299 1666 quendo
1318 1602 1413 1666 quidem
1433 1611 1459 1650 et

359 1691 385 1732 ιιι
395 1685 446 1732 hnc
454 1691 532 1746 putus.
548 1683 591 1734 So.
605 1681 647 1730 Vis
656 1681 698 1730 tibi
708 1680 795 1737 dicem,
806 1695 875 1743 quem
885 1681 916 1728 ob
925 1695 1018 1729 ιιιιιιιιι
1028 1696 1066 1729 me
1073 1681 1129 1730 tolie
1135 1683 1319 1745 respondentem
1326 1683 1459 1732 verberibus

360 1763 459 1827 dignum
471 1763 571 1826 putem?
588 1761 629 1810 An
640 1769 665 1810 ιιι
678 1776 715 1810 me
726 1759 789 1824 prius
799 1759 973 1824 qusmjudioes
991 1762 1131 1826 verberebie,
1141 1761 1179 1810 vel
1197 1762 1311 1812 ustionem
1329 1763 1457 1812 edmittes?

360 1843 423 1894 stre.
440 1842 518 1894 Grere
530 1844 576 1892 hoc
586 1849 656 1900 esset,
667 1841 807 1897 oSocroten
819 1841 838 1890 si
850 1857 898 1889 non
910 1841 1067 1892 edmitterem.
1084 1841 1125 1892 sed
1136 1857 1184 1907 que
1194 1842 1285 1892 ratione
1295 1842 1319 1892 id
1331 1842 1381 1892 eis?
1413 1843 1457 1894 So.

361 1921 449 1974 Dictus
458 1923 543 1972 eodem
555 1924 634 1980 modo,
645 1939 693 1986 quo
705 1930 730 1971 et
741 1921 813 1986 poulo
825 1929 890 1984 ente,
902 1921 1005 1970 imitetur
1016 1922 1133 1980 illum,ne
1144 1937 1222 1972 corum
1243 1931 1267 1970 te
1284 1923 1363 1982 verbe,
1374 1924 1460 1988 quihus

359 2002 402 2052 ille
413 2019 504 2054 mecum
516 2003 597 2061 utitur,
606 2003 732 2067 proferam,
741 2003 800 2050 dure
810 2001 908 2050 nimium
918 2007 943 2048 et
953 2001 1062 2050 absurde.
1095 2000 1158 2050 Nem
1170 2001 1204 2052 sic
1226 2018 1262 2050 roe
1282 2001 1363 2066 procul
1382 2003 1459 2052 dubio

361 2082 510 2147 elloquetur:
528 2083 577 2133 Dio
588 2098 641 2146 ege,
653 2097 668 2130 0
679 2083 797 2143 Socretes,
807 2079 895 2144 injuste
905 2081 966 2130 cmdi
977 2079 1043 2128 illum
1054 2096 1146 2138 censes,
1158 2081 1199 2146 qni
1214 2081 1385 2146 ditlryremhum
1404 2091 1461 2132 tsn-

361 2171 412 2212 tum
422 2163 565 2214 inconcinne
574 2163 737 2227 pronuntient,
750 2169 796 2210 tem
808 2161 888 2224 procul
900 2176 914 2210 e
926 2161 1047 2225 proposito
1065 2163 1194 2225 questione
1211 2163 1311 2212 obierit?
1345 2164 1380 2210 At
1398 2179 1458 2227 ego,

361 2243 472 2300 Quonem
485 2243 573 2307 pecto?
591 2243 748 2306 interrogabo.
780 2240 842 2288 Tum
852 2241 909 2289 ille:
929 2242 993 2298 Quis
1004 2241 1091 2290 oblitus
1102 2257 1136 2301 es,
1147 2241 1270 2307 quesitum
1288 2241 1360 2292 luisse
1377 2243 1458 2306 ipsum

361 2323 496 2386 pulchrum,
507 2322 572 2385 quod
591 2321 679 2378 omnin,
692 2321 873 2386 quibuscunque
891 2319 962 2378 inest,
974 2321 1072 2384 pulchre
1091 2321 1171 2380 efficit,
1182 2321 1293 2387 lepidem‚
1303 2323 1403 2388 lignum,
1413 2325 1458 2372 ho·

362 2403 458 2459 minem,
470 2402 688 2458 Deum‚tctionem
699 2400 801 2464 denique
822 2414 914 2448 omnem
933 2407 959 2450 ct
978 2401 1136 2466 disciplinsrn.
1154 2405 1200 2454 bno
1218 2403 1330 2468 ipsum,o
1349 2403 1392 2466 rir,
1403 2401 1459 2467 pul·

359 2482 441 2532 chrum
450 2481 508 2545 qnid
519 2489 563 2538 eet,
574 2481 692 2545 perquiro.
705 2488 730 2528 tu
742 2496 796 2530 vero
807 2495 855 2528 non
867 2479 940 2544 magis
951 2480 1039 2530 nudisti
1050 2497 1097 2545 me,
1108 2497 1179 2546 quem
1190 2482 1209 2532 si
1221 2481 1282 2547 lepis
1296 2499 1373 2533 eorem
1391 2499 1454 2533 esse·

359 2559 442 2617 disses.
453 2567 479 2609 et
489 2559 582 2610 molaris
593 2560 698 2624 quidem,
709 2575 754 2609 uec
763 2575 830 2608 euros
841 2574 919 2622 neque
930 2561 1050 2610 cerebrum
1061 2562 1158 2612 hebens.
1192 2563 1265 2622 Quod
1276 2563 1297 2612 ei
1308 2579 1354 2628 ego
1371 2571 1458 2628 perter-

359 2640 416 2690 ritus
426 2641 457 2688 ed
469 2642 519 2690 heb
530 2642 564 2690 itu
573 2642 739 2705 respondeum,
750 2655 805 2690 num
818 2640 918 2704 graviter
935 2641 1005 2698 seres,
1016 2641 1129 2706 Hippin?
1161 2643 1224 2694 lire.
1242 2644 1353 2706 Quoneru
1368 2644 1457 2692 modo?

362 2720 406 2770 So.
423 2719 471 2778 Sic,
482 2721 589 2786 inquam.
621 2721 677 2770 Hoc
689 2729 768 2770 umen
779 2719 881 2783 Hippius
893 2720 1015 2782 pulchrum
1026 2736 1077 2770 eree
1097 2721 1173 2770 dixit:
1191 2723 1299 2788 quumris
1317 2739 1361 2787 ego
1380 2722 1458 2780 illum,

361 2806 389 2848 ut
400 2807 426 2848 tu
437 2815 558 2858 menone,
569 2801 755 2864 interrogassem,
766 2801 831 2864 quod
843 2799 951 2847 omnibus
963 2799 1086 2862 pulchrum
1102 2816 1240 2867 semperque
1259 2802 1358 2853 exsistit.
1391 2802 1458 2860 Quid

361 2881 414 2928 sis?
431 2895 461 2930 en
479 2879 577 2930 moleste
595 2881 695 2942 ieres‚si
714 2881 765 2930 hec
783 2879 882 2928 dixero?
915 2877 979 2928 Hm.
996 2879 1069 2930 Certo
1085 2881 1170 2938 scio,o
1188 2883 1305 2941 Socrates,
1316 2883 1380 2948 quod
1398 2883 1459 2946 diri,

361 2961 470 3008 omnihus
480 2977 531 3010 esse
543 2959 675 3024 pulchrum,
686 2960 755 3010 stite
767 2959 894 3007 ridebitur.
923 2959 965 3010 So.
984 2959 1025 3009 An
1037 2962 1135 3012 eterit?
1153 2962 1217 3012 dicet
1227 2963 1275 3012 ille.
1291 2979 1384 3026 semper
1393 2963 1458 3012 enim

289 3103 292 3112 Ι
361 3040 503 3104 pulchrum?
535 3039 598 3090 Ηιι.
616 3039 730 3088 Omnino.
763 3039 806 3088 So.
823 3038 911 3088 Nonne
922 3041 1022 3089 eterni?
1039 3041 1198 3106 interrognhit.
1216 3042 1278 3090 Ηιι.
1294 3043 1392 3092 Eteret.
1413 3043 1459 3092 So.

360 3121 401 3172 nd
409 3122 460 3172 bno
469 3121 522 3170 ille:
535 3121 567 3170 Et
575 3120 683 3184 nunquid
692 3119 793 3168 Elleneir
803 3120 888 3183 hospes
897 3119 975 3185 inquit
983 3120 1071 3172 Achilli
1079 3122 1198 3188 pulchrum
1209 3139 1268 3178 esse.
1278 3130 1331 3186 post
1339 3123 1460 3186 genitores

360 3219 416 3252 ιιιοι
426 3210 515 3252 nntune
525 3201 672 3250 concedere?
688 3212 713 3250 et
724 3215 767 3248 ero
778 3199 841 3252 illius
853 3201 939 3257 AEsso,
951 3201 1060 3266 aliisque.
1069 3203 1204 3269 quicunque
1214 3219 1242 3252 ιι
1254 3201 1308 3252 Diis
1324 3203 1373 3250 neti
1391 3210 1460 3260 sunt,

361 3283 436 3347 [293]
454 3290 479 3331 et
489 3283 546 3346 ipsis
557 3282 659 3346 denique
671 3281 743 3330 Diis?
777 3281 840 3330 Hre.
857 3281 923 3340 Quid
935 3283 999 3332 hoo?
1033 3283 1155 3348 Moneri,
1166 3284 1275 3348 Herculis
1292 3283 1397 3343 filim‚ed
1415 3299 1459 3332 ex-

359 3363 474 3428 pisndum
484 3363 561 3412 scelus
572 3379 637 3414 sucre
648 3363 729 3412 incito.
747 3363 849 3425 proisnn
860 3363 921 3410 enim
934 3371 997 3422 sunt,
1007 3379 1024 3412 o
1034 3365 1153 3429 Socrates,
1164 3363 1300 3431 hujusmodi
1308 3363 1460 3429 questiones.

359 3445 402 3496 So.
419 3445 486 3504 Quid
498 3445 568 3494 roro?
588 3443 799 3508 percontanteslio
811 3445 862 3492 hren
872 3459 973 3492 asserere
992 3460 1040 3494 non
1059 3445 1128 3494 uelde
1144 3445 1287 3510 proienumi
1321 3445 1383 3495 ilrr.
1401 3443 1456 3492 For·

361 3525 431 3574 situn.
464 3525 507 3574 So.
523 3524 593 3574 Forte
604 3525 674 3588 igitur
685 3533 710 3572 tu
723 3525 742 3572 is
753 3540 789 3587 es,
800 3524 841 3572 ille
853 3524 925 3582 dicet,
935 3525 976 3588 qui
994 3524 1092 3576 cuilibet
1110 3541 1138 3576 uc
1155 3541 1248 3588 semper
1265 3523 1387 3586 pulchrum
1406 3539 1459 3574 esee

359 3606 456 3662 dicim
474 3605 528 3654 filiis
547 3604 628 3654 iuuere
645 3603 763 3661 honored,
775 3603 910 3666 perentibus
931 3613 1060 3670 pereutere.
1094 3603 1134 3654 An
1154 3619 1202 3652 uon
1221 3620 1250 3652 es
1267 3603 1377 3650 omnibus
1396 3619 1460 3654 unus

361 3686 475 3736 Hercules
486 3692 544 3740 eret,
555 3683 651 3748 aliique,
661 3699 721 3748 quos
732 3691 803 3732 entee
821 3684 1015 3734 memoravimus?
1049 3685 1110 3734 lire.
1128 3683 1161 3731 Δι
1178 3699 1233 3732 vero
1250 3697 1298 3730 non
1317 3681 1374 3730 Diis
1391 3684 1458 3734 dioe-

361 3765 423 3815 hum.
457 3766 501 3818 So.
518 3764 571 3814 Nec
582 3764 691 3814 heroibus
703 3764 784 3820 etiem,
795 3771 822 3812 ut
833 3763 925 3814 rideris.
958 3764 1021 3814 lire.
1037 3763 1094 3812 Non
1112 3769 1184 3820 certe,
1194 3761 1332 3826 quicunqne
1349 3762 1457 3814 Deorum

360 3843 514 3894 utiituerunt.
547 3846 589 3894 So.
606 3844 658 3894 lllis
676 3843 793 3908 reso,qui
813 3859 862 3892 non
880 3843 1004 3894 Deorum?
1036 3843 1098 3894 lire.
1116 3841 1162 3890 His
1179 3840 1246 3906 ipsis.
1278 3841 1321 3892 So.
1338 3841 1400 3908 Ergo
1418 3859 1460 3894 re.

359 3922 462 3972 cundum
473 3938 602 3974 sermonem
615 3932 680 3974 tuum
697 3941 725 3974 ex
745 3925 840 3974 heroum
859 3939 956 3972 numero
973 3923 1073 3972 Tentnlo
1092 3921 1188 3986 quidum
1206 3927 1231 3968 et
1249 3921 1365 3970 Derdeno
1384 3930 1458 3986 etque

358 3999 433 4048 Zetho
444 4017 522 4063 greve,
533 4005 657 4065 proienum
677 4013 702 4054 et
720 4013 787 4070 turpe
805 4012 858 4054 est:
877 4005 962 4067 Pelopi
981 4019 1035 4053 reso
1054 4002 1153 4066 eliisque
1172 4001 1279 4052 similiter
1297 4002 1382 4066 genitis
1401 4003 1456 4068 pul·

359 4078 449 4127 cirrum.
483 4079 545 4128 lire.
562 4082 601 4128 Ite
613 4084 669 4132 mihi
691 4084 790 4134 videtur.
824 4084 867 4132 So.
885 4083 926 4131 Ad
945 4083 996 4130 hec
1013 4082 1069 4131 ille:
1086 4080 1142 4130 Tibi
1159 4097 1215 4146 ergo
1234 4081 1410 4146 ridetur,quod
1429 4083 1455 4132 iu

357 4157 514 4220 superioribus
525 4175 573 4208 non
585 4163 689 4220 dicebas,
701 4165 800 4227 sepelire
810 4173 952 4228 parentem
969 4163 1024 4211 filiis
1040 4161 1144 4226 sepeliri,
1156 4163 1300 4228 quondoque
1317 4171 1342 4210 et
1358 4163 1455 4226 quibus·

358 4240 412 4288 dem
425 4247 492 4302 turpe
503 4239 659 4304 contingere3
675 4243 745 4290 immo
757 4245 901 4308 impossihile
912 4259 972 4300 esse,
983 4243 1028 4292 hoc
1039 4243 1207 4292 omnibusesse
1217 4243 1349 4306 pulchrum.
1365 4241 1456 4299 Quum·

357 4320 436 4368 obrem
447 4318 551 4368 similiter
562 4319 608 4368 hoc
619 4329 690 4384 etque
701 4323 819 4386 superiore
829 4324 878 4382 ille,
890 4321 979 4374 scilicet
989 4323 1054 4388 virgo
1065 4329 1090 4373 et
1101 4323 1159 4389 olle,
1168 4323 1282 4374 efficitur:
1300 4331 1371 4385 etque
1381 4321 1453 4370 etiem

356 4399 455 4450 ridicule
466 4400 547 4464 magis,
558 4399 611 4448 eliis
623 4401 744 4463 pulchrum
756 4413 802 4464 est,
813 4405 864 4454 eliis
884 4405 987 4454 minime.
1018 4405 1136 4466 Quocirce
1155 4405 1189 4454 sic
1210 4419 1247 4452 use
1267 4401 1307 4450 ille
1326 4400 1453 4466 corripiet:

355 4478 469 4532 Nondum
481 4479 551 4533 hodie
562 4489 662 4546 poleno
674 4481 789 4543 Socretes,
801 4486 858 4550 quid
870 4485 957 4552 ipsum,
965 4487 996 4536 de
1006 4503 1054 4554 quo
1065 4485 1185 4553 queritur,
1196 4483 1320 4551 pulchrum
1328 4479 1453 4546 sinemu-
