<?xml version="1.0" encoding="UTF-8"?>
<!DOCTYPE html PUBLIC "-//W3C//DTD XHTML 1.0 Transitional//EN"
    "http://www.w3.org/TR/xhtml1/DTD/xhtml1-transitional.dtd">
<html xmlns="http://www.w3.org/1999/xhtml" xml:lang="en" lang="en">
 <head>
  <title>
</title>
<meta http-equiv="Content-Type" content="text/html;charset=utf-8" />
  <meta name='ocr-system' content='tesseract 3.04.00' />
  <meta name='ocr-capabilities' content='ocr_page ocr_carea ocr_par ocr_line ocrx_word'/>
</head>
<body>
  <div class='ocr_page' id='page_1' title='image "./platonisetquaev05bekkgoog_0127.png"; bbox 0 0 3160 5314; ppageno 0'>
   <div class='ocr_carea' id='block_1_1' title="bbox 49 537 1237 631">
    <p class='ocr_par' dir='ltr' id='par_1_1' title="bbox 49 537 1237 631">
     <span class='ocr_line' id='line_1_1' title="bbox 49 537 1237 631; baseline 0.004 -31"><span class='ocrx_word' id='word_1_1' title='bbox 49 557 50 600; x_wconf 60' lang='lat' dir='ltr'><em>z</em></span> <span class='ocrx_word' id='word_1_2' title='bbox 151 544 213 622; x_wconf 75' lang='lat' dir='ltr'>eea]</span> <span class='ocrx_word' id='word_1_3' title='bbox 309 551 315 564; x_wconf 82' lang='lat'>·</span> <span class='ocrx_word' id='word_1_4' title='bbox 450 541 505 600; x_wconf 82' lang='lat' dir='ltr'>on</span> <span class='ocrx_word' id='word_1_5' title='bbox 526 537 758 631; x_wconf 70' lang='lat' dir='ltr'>urrunnun</span> <span class='ocrx_word' id='word_1_6' title='bbox 782 539 856 601; x_wconf 81' lang='lat' dir='ltr'>nm.</span> <span class='ocrx_word' id='word_1_7' title='bbox 880 542 918 601; x_wconf 89' lang='grc' dir='ltr'>ιι.</span> <span class='ocrx_word' id='word_1_8' title='bbox 1181 545 1237 605; x_wconf 80' lang='lat' dir='ltr'>roe</span> 
     </span>
    </p>
   </div>
   <div class='ocr_carea' id='block_1_2' title="bbox 148 683 1239 762">
    <p class='ocr_par' dir='ltr' id='par_1_2' title="bbox 148 683 1239 762">
     <span class='ocr_line' id='line_1_2' title="bbox 148 683 1239 762; baseline -0.002 -16"><span class='ocrx_word' id='word_1_9' title='bbox 148 697 216 760; x_wconf 76' lang='lat' dir='ltr'>irruit,</span> <span class='ocrx_word' id='word_1_10' title='bbox 226 697 290 762; x_wconf 75' lang='lat' dir='ltr'>epod</span> <span class='ocrx_word' id='word_1_11' title='bbox 302 711 385 744; x_wconf 76' lang='lat' dir='ltr'>omnes</span> <span class='ocrx_word' id='word_1_12' title='bbox 390 683 450 758; x_wconf 81' lang='lat' dir='ltr'>junii</span> <span class='ocrx_word' id='word_1_13' title='bbox 460 695 546 743; x_wconf 82' lang='lat' dir='ltr'>hebent</span> <span class='ocrx_word' id='word_1_14' title='bbox 554 694 691 758; x_wconf 78' lang='lat' dir='ltr'>opinionem</span> <span class='ocrx_word' id='word_1_15' title='bbox 703 711 709 742; x_wconf 82' lang='grc' dir='ltr'>ι</span> <span class='ocrx_word' id='word_1_16' title='bbox 722 701 746 742; x_wconf 91' lang='lat' dir='ltr'>et</span> <span class='ocrx_word' id='word_1_17' title='bbox 756 693 830 758; x_wconf 80' lang='lat' dir='ltr'>eique</span> <span class='ocrx_word' id='word_1_18' title='bbox 837 695 862 744; x_wconf 90' lang='lat' dir='ltr'>in</span> <span class='ocrx_word' id='word_1_19' title='bbox 871 711 895 742; x_wconf 88' lang='lat' dir='ltr'>re</span> <span class='ocrx_word' id='word_1_20' title='bbox 904 694 1017 762; x_wconf 62' lang='lat' dir='ltr'>pexerit,</span> <span class='ocrx_word' id='word_1_21' title='bbox 1025 693 1139 759; x_wconf 77' lang='lat' dir='ltr'>corrigere</span> <span class='ocrx_word' id='word_1_22' title='bbox 1148 696 1239 759; x_wconf 71' lang='lat' dir='ltr'>poerit3</span> 
     </span>
    </p>
   </div>
   <div class='ocr_carea' id='block_1_3' title="bbox 49 765 1238 842">
    <p class='ocr_par' dir='ltr' id='par_1_3' title="bbox 49 765 1238 842">
     <span class='ocr_line' id='line_1_3' title="bbox 49 765 1238 842; baseline -0.004 -14"><span class='ocrx_word' id='word_1_23' title='bbox 49 765 51 774; x_wconf 54' lang='grc'>’</span> <span class='ocrx_word' id='word_1_24' title='bbox 147 781 215 842; x_wconf 84' lang='lat' dir='ltr'>eitque</span> <span class='ocrx_word' id='word_1_25' title='bbox 224 779 255 826; x_wconf 84' lang='lat' dir='ltr'>ed</span> <span class='ocrx_word' id='word_1_26' title='bbox 264 777 454 842; x_wconf 73' lang='lat' dir='ltr'>pertundendum</span> <span class='ocrx_word' id='word_1_27' title='bbox 464 775 573 832; x_wconf 83' lang='lat' dir='ltr'>idoneor,</span> <span class='ocrx_word' id='word_1_28' title='bbox 581 774 601 822; x_wconf 82' lang='lat' dir='ltr'>ei</span> <span class='ocrx_word' id='word_1_29' title='bbox 609 773 666 838; x_wconf 88' lang='lat' dir='ltr'>qnid</span> <span class='ocrx_word' id='word_1_30' title='bbox 678 775 709 823; x_wconf 91' lang='lat' dir='ltr'>de</span> <span class='ocrx_word' id='word_1_31' title='bbox 720 773 772 837; x_wconf 77' lang='lat' dir='ltr'>ipso</span> <span class='ocrx_word' id='word_1_32' title='bbox 783 773 839 822; x_wconf 83' lang='lat' dir='ltr'>rnrli</span> <span class='ocrx_word' id='word_1_33' title='bbox 849 774 958 823; x_wconf 71' lang='lat' dir='ltr'>iocineri·</span> <span class='ocrx_word' id='word_1_34' title='bbox 969 774 1099 840; x_wconf 79' lang='lat' dir='ltr'>nuntietur,</span> <span class='ocrx_word' id='word_1_35' title='bbox 1107 776 1168 823; x_wconf 77' lang='lat' dir='ltr'>etud</span> <span class='ocrx_word' id='word_1_36' title='bbox 1179 776 1238 832; x_wconf 82' lang='lat' dir='ltr'>vim,</span> 
     </span>
    </p>
   </div>
   <div class='ocr_carea' id='block_1_4' title="bbox 144 855 1239 1887">
    <p class='ocr_par' dir='ltr' id='par_1_4' title="bbox 144 855 1239 1887">
     <span class='ocr_line' id='line_1_4' title="bbox 150 855 1236 924; baseline -0.004 -16"><span class='ocrx_word' id='word_1_37' title='bbox 150 859 321 924; x_wconf 65' lang='lat' dir='ltr'>imminerit,</span> <span class='ocrx_word' id='word_1_38' title='bbox 331 857 478 906; x_wconf 73' lang='lat' dir='ltr'>inferendum</span> <span class='ocrx_word' id='word_1_39' title='bbox 491 855 627 904; x_wconf 76' lang='lat' dir='ltr'>fortitudine</span> <span class='ocrx_word' id='word_1_40' title='bbox 637 863 663 903; x_wconf 90' lang='lat' dir='ltr'>et</span> <span class='ocrx_word' id='word_1_41' title='bbox 672 855 754 903; x_wconf 88' lang='lat' dir='ltr'>mbure</span> <span class='ocrx_word' id='word_1_42' title='bbox 763 870 881 919; x_wconf 86' lang='lat' dir='ltr'>opumque</span> <span class='ocrx_word' id='word_1_43' title='bbox 890 863 915 904; x_wconf 89' lang='lat' dir='ltr'>et</span> <span class='ocrx_word' id='word_1_44' title='bbox 925 855 1051 904; x_wconf 73' lang='lat' dir='ltr'>amicorum</span> <span class='ocrx_word' id='word_1_45' title='bbox 1063 855 1142 919; x_wconf 80' lang='lat' dir='ltr'>copie.</span> <span class='ocrx_word' id='word_1_46' title='bbox 1175 855 1236 904; x_wconf 86' lang='lat' dir='ltr'>Cuur</span> 
     </span>
     <span class='ocr_line' id='line_1_5' title="bbox 147 934 1238 1000; baseline -0.005 -10"><span class='ocrx_word' id='word_1_47' title='bbox 147 942 201 990; x_wconf 85' lang='lat' dir='ltr'>hunc</span> <span class='ocrx_word' id='word_1_48' title='bbox 212 937 282 988; x_wconf 80' lang='lat' dir='ltr'>ulem</span> <span class='ocrx_word' id='word_1_49' title='bbox 292 938 435 994; x_wconf 76' lang='lat' dir='ltr'>finxerimus,</span> <span class='ocrx_word' id='word_1_50' title='bbox 445 935 513 1000; x_wconf 79' lang='lat' dir='ltr'>juxte</span> <span class='ocrx_word' id='word_1_51' title='bbox 530 935 607 1000; x_wconf 84' lang='lat' dir='ltr'>iprum</span> <span class='ocrx_word' id='word_1_52' title='bbox 619 935 693 982; x_wconf 77' lang='lat' dir='ltr'>virum</span> <span class='ocrx_word' id='word_1_53' title='bbox 703 950 819 1000; x_wconf 82' lang='lat' dir='ltr'>pcnnrnue</span> <span class='ocrx_word' id='word_1_54' title='bbox 826 934 926 1000; x_wconf 71' lang='lat' dir='ltr'>justum.</span> <span class='ocrx_word' id='word_1_55' title='bbox 936 937 1066 999; x_wconf 85' lang='lat' dir='ltr'>nimplicem</span> <span class='ocrx_word' id='word_1_56' title='bbox 1081 937 1200 985; x_wconf 87' lang='lat' dir='ltr'>hominem</span> <span class='ocrx_word' id='word_1_57' title='bbox 1212 943 1238 984; x_wconf 90' lang='lat' dir='ltr'>et</span> 
     </span>
     <span class='ocr_line' id='line_1_6' title="bbox 147 1015 1238 1083; baseline -0.003 -15"><span class='ocrx_word' id='word_1_58' title='bbox 147 1019 272 1082; x_wconf 76' lang='lat' dir='ltr'>ingenuum,</span> <span class='ocrx_word' id='word_1_59' title='bbox 284 1018 326 1083; x_wconf 92' lang='lat' dir='ltr'>qui</span> <span class='ocrx_word' id='word_1_60' title='bbox 336 1017 467 1067; x_wconf 77' lang='lat' dir='ltr'>necandum</span> <span class='ocrx_word' id='word_1_61' title='bbox 478 1015 618 1081; x_wconf 79' lang='lat' dir='ltr'>AEreirylum</span> <span class='ocrx_word' id='word_1_62' title='bbox 629 1031 677 1063; x_wconf 91' lang='lat' dir='ltr'>nou</span> <span class='ocrx_word' id='word_1_63' title='bbox 691 1015 764 1064; x_wconf 85' lang='lat' dir='ltr'>rideri</span> <span class='ocrx_word' id='word_1_64' title='bbox 774 1017 817 1064; x_wconf 85' lang='lat' dir='ltr'>red</span> <span class='ocrx_word' id='word_1_65' title='bbox 830 1031 882 1067; x_wconf 80' lang='lat' dir='ltr'>eece</span> <span class='ocrx_word' id='word_1_66' title='bbox 892 1018 967 1065; x_wconf 84' lang='lat' dir='ltr'>bonon</span> <span class='ocrx_word' id='word_1_67' title='bbox 977 1019 1079 1067; x_wconf 81' lang='lat' dir='ltr'>cludent.</span> <span class='ocrx_word' id='word_1_68' title='bbox 1095 1018 1238 1066; x_wconf 72' lang='lat' dir='ltr'>removendo</span> 
     </span>
     <span class='ocr_line' id='line_1_7' title="bbox 146 1093 1239 1162; baseline -0.002 -16"><span class='ocrx_word' id='word_1_69' title='bbox 146 1099 227 1162; x_wconf 85' lang='lat' dir='ltr'>quippe</span> <span class='ocrx_word' id='word_1_70' title='bbox 234 1100 265 1146; x_wconf 83' lang='lat' dir='ltr'>nb</span> <span class='ocrx_word' id='word_1_71' title='bbox 275 1114 306 1148; x_wconf 90' lang='lat' dir='ltr'>eo</span> <span class='ocrx_word' id='word_1_72' title='bbox 315 1097 415 1162; x_wconf 69' lang='lat' dir='ltr'>justitia</span> <span class='ocrx_word' id='word_1_73' title='bbox 426 1096 502 1144; x_wconf 84' lang='lat' dir='ltr'>omnin</span> <span class='ocrx_word' id='word_1_74' title='bbox 513 1095 603 1160; x_wconf 84' lang='lat' dir='ltr'>opinio,</span> <span class='ocrx_word' id='word_1_75' title='bbox 615 1111 645 1142; x_wconf 91' lang='lat' dir='ltr'>ne</span> <span class='ocrx_word' id='word_1_76' title='bbox 652 1093 731 1158; x_wconf 82' lang='lat' dir='ltr'>joetur</span> <span class='ocrx_word' id='word_1_77' title='bbox 746 1095 856 1159; x_wconf 86' lang='lat' dir='ltr'>cuiquem</span> <span class='ocrx_word' id='word_1_78' title='bbox 872 1098 987 1148; x_wconf 82' lang='lat' dir='ltr'>ridentur.</span> <span class='ocrx_word' id='word_1_79' title='bbox 1004 1099 1024 1146; x_wconf 86' lang='lat' dir='ltr'>ei</span> <span class='ocrx_word' id='word_1_80' title='bbox 1040 1098 1103 1147; x_wconf 86' lang='lat' dir='ltr'>enim</span> <span class='ocrx_word' id='word_1_81' title='bbox 1121 1097 1239 1146; x_wconf 80' lang='lat' dir='ltr'>ridebitur</span> 
     </span>
     <span class='ocr_line' id='line_1_8' title="bbox 144 1175 1238 1242; baseline 0 -16"><span class='ocrx_word' id='word_1_82' title='bbox 144 1177 214 1241; x_wconf 82' lang='lat' dir='ltr'>jmtue</span> <span class='ocrx_word' id='word_1_83' title='bbox 221 1191 281 1234; x_wconf 84' lang='lat' dir='ltr'>cere.</span> <span class='ocrx_word' id='word_1_84' title='bbox 293 1179 394 1226; x_wconf 84' lang='lat' dir='ltr'>ederunt</span> <span class='ocrx_word' id='word_1_85' title='bbox 403 1176 448 1224; x_wconf 83' lang='lat' dir='ltr'>eibi</span> <span class='ocrx_word' id='word_1_86' title='bbox 458 1177 557 1224; x_wconf 76' lang='lat' dir='ltr'>bonore·</span> <span class='ocrx_word' id='word_1_87' title='bbox 567 1183 593 1224; x_wconf 89' lang='lat' dir='ltr'>et</span> <span class='ocrx_word' id='word_1_88' title='bbox 604 1175 708 1238; x_wconf 77' lang='lat' dir='ltr'>prumir.</span> <span class='ocrx_word' id='word_1_89' title='bbox 723 1175 835 1224; x_wconf 85' lang='lat' dir='ltr'>incertum</span> <span class='ocrx_word' id='word_1_90' title='bbox 847 1177 1076 1242; x_wconf 66' lang='lat' dir='ltr'>igituremtjuetine</span> <span class='ocrx_word' id='word_1_91' title='bbox 1087 1193 1116 1226; x_wconf 87' lang='lat' dir='ltr'>nn</span> <span class='ocrx_word' id='word_1_92' title='bbox 1124 1179 1238 1226; x_wconf 84' lang='lat' dir='ltr'>hunorum</span> 
     </span>
     <span class='ocr_line' id='line_1_9' title="bbox 147 1253 1239 1324; baseline -0.003 -16"><span class='ocrx_word' id='word_1_93' title='bbox 147 1274 308 1322; x_wconf 76' lang='lat' dir='ltr'>nummoque</span> <span class='ocrx_word' id='word_1_94' title='bbox 320 1259 393 1322; x_wconf 73' lang='lat' dir='ltr'>gmde</span> <span class='ocrx_word' id='word_1_95' title='bbox 405 1253 505 1304; x_wconf 81' lang='lat' dir='ltr'>telierit.</span> <span class='ocrx_word' id='word_1_96' title='bbox 522 1255 738 1320; x_wconf 79' lang='lat' dir='ltr'>primndne&#39;iteque</span> <span class='ocrx_word' id='word_1_97' title='bbox 758 1257 827 1306; x_wconf 84' lang='lat' dir='ltr'>rebor</span> <span class='ocrx_word' id='word_1_98' title='bbox 844 1259 951 1306; x_wconf 76' lang='lat' dir='ltr'>omnibus</span> <span class='ocrx_word' id='word_1_99' title='bbox 970 1265 1122 1324; x_wconf 71' lang='lat' dir='ltr'>preterquam</span> <span class='ocrx_word' id='word_1_100' title='bbox 1137 1257 1239 1322; x_wconf 73' lang='lat' dir='ltr'>justitie,</span> 
     </span>
     <span class='ocr_line' id='line_1_10' title="bbox 147 1335 1239 1404; baseline -0.003 -16"><span class='ocrx_word' id='word_1_101' title='bbox 147 1349 209 1404; x_wconf 84' lang='lat' dir='ltr'>etque</span> <span class='ocrx_word' id='word_1_102' title='bbox 218 1341 252 1388; x_wconf 79' lang='lat' dir='ltr'>ite</span> <span class='ocrx_word' id='word_1_103' title='bbox 264 1339 397 1402; x_wconf 76' lang='lat' dir='ltr'>pudendm,</span> <span class='ocrx_word' id='word_1_104' title='bbox 410 1343 436 1384; x_wconf 89' lang='lat' dir='ltr'>nt</span> <span class='ocrx_word' id='word_1_105' title='bbox 452 1335 564 1401; x_wconf 86' lang='lat' dir='ltr'>euperiori</span> <span class='ocrx_word' id='word_1_106' title='bbox 575 1337 703 1386; x_wconf 85' lang='lat' dir='ltr'>contrnriue</span> <span class='ocrx_word' id='word_1_107' title='bbox 713 1337 759 1385; x_wconf 82' lang='lat' dir='ltr'>eit:</span> <span class='ocrx_word' id='word_1_108' title='bbox 778 1351 832 1386; x_wconf 91' lang='lat' dir='ltr'>curn</span> <span class='ocrx_word' id='word_1_109' title='bbox 850 1339 908 1386; x_wconf 86' lang='lat' dir='ltr'>nilril</span> <span class='ocrx_word' id='word_1_110' title='bbox 927 1347 983 1403; x_wconf 75' lang='lat' dir='ltr'>eget</span> <span class='ocrx_word' id='word_1_111' title='bbox 996 1339 1095 1404; x_wconf 84' lang='lat' dir='ltr'>injurte,</span> <span class='ocrx_word' id='word_1_112' title='bbox 1112 1337 1239 1402; x_wconf 75' lang='lat' dir='ltr'>injuctirei·</span> 
     </span>
     <span class='ocr_line' id='line_1_11' title="bbox 148 1417 1239 1484; baseline -0.001 -16"><span class='ocrx_word' id='word_1_113' title='bbox 148 1437 192 1469; x_wconf 83' lang='lat' dir='ltr'>nne</span> <span class='ocrx_word' id='word_1_114' title='bbox 205 1435 256 1468; x_wconf 76' lang='lat' dir='ltr'>eme</span> <span class='ocrx_word' id='word_1_115' title='bbox 266 1421 392 1479; x_wconf 76' lang='lat' dir='ltr'>credetnr3</span> <span class='ocrx_word' id='word_1_116' title='bbox 404 1427 431 1466; x_wconf 93' lang='lat' dir='ltr'>nt</span> <span class='ocrx_word' id='word_1_117' title='bbox 441 1418 507 1484; x_wconf 77' lang='lat' dir='ltr'>qunti</span> <span class='ocrx_word' id='word_1_118' title='bbox 518 1417 621 1482; x_wconf 80' lang='lat' dir='ltr'>quedem</span> <span class='ocrx_word' id='word_1_119' title='bbox 633 1417 740 1466; x_wconf 82' lang='lat' dir='ltr'>eremine</span> <span class='ocrx_word' id='word_1_120' title='bbox 751 1419 781 1466; x_wconf 82' lang='lat' dir='ltr'>nd</span> <span class='ocrx_word' id='word_1_121' title='bbox 790 1417 906 1483; x_wconf 71' lang='lat' dir='ltr'>justitium</span> <span class='ocrx_word' id='word_1_122' title='bbox 918 1419 949 1466; x_wconf 82' lang='lat' dir='ltr'>eit</span> <span class='ocrx_word' id='word_1_123' title='bbox 959 1419 1079 1484; x_wconf 83' lang='lat' dir='ltr'>probetur,</span> <span class='ocrx_word' id='word_1_124' title='bbox 1092 1435 1121 1466; x_wconf 80' lang='lat' dir='ltr'>en</span> <span class='ocrx_word' id='word_1_125' title='bbox 1131 1435 1161 1468; x_wconf 90' lang='lat' dir='ltr'>eu</span> <span class='ocrx_word' id='word_1_126' title='bbox 1172 1419 1239 1484; x_wconf 87' lang='lat' dir='ltr'>qnod</span> 
     </span>
     <span class='ocr_line' id='line_1_12' title="bbox 147 1500 1239 1563; baseline 0 -15"><span class='ocrx_word' id='word_1_127' title='bbox 147 1517 185 1549; x_wconf 88' lang='lat' dir='ltr'>nee</span> <span class='ocrx_word' id='word_1_128' title='bbox 194 1500 289 1549; x_wconf 72' lang='lat' dir='ltr'>insumi·</span> <span class='ocrx_word' id='word_1_129' title='bbox 300 1515 345 1549; x_wconf 88' lang='lat' dir='ltr'>nec</span> <span class='ocrx_word' id='word_1_130' title='bbox 356 1500 393 1547; x_wconf 79' lang='lat' dir='ltr'>hie</span> <span class='ocrx_word' id='word_1_131' title='bbox 403 1500 481 1554; x_wconf 84' lang='lat' dir='ltr'>rebue,</span> <span class='ocrx_word' id='word_1_132' title='bbox 492 1513 544 1562; x_wconf 81' lang='lat' dir='ltr'>qnae</span> <span class='ocrx_word' id='word_1_133' title='bbox 556 1513 608 1547; x_wconf 76' lang='lat' dir='ltr'>enm</span> <span class='ocrx_word' id='word_1_134' title='bbox 619 1507 755 1562; x_wconf 70' lang='lat' dir='ltr'>sequnntur,</span> <span class='ocrx_word' id='word_1_135' title='bbox 767 1515 781 1547; x_wconf 85' lang='lat' dir='ltr'>n</span> <span class='ocrx_word' id='word_1_136' title='bbox 792 1501 911 1563; x_wconf 83' lang='lat' dir='ltr'>preponito</span> <span class='ocrx_word' id='word_1_137' title='bbox 923 1515 966 1548; x_wconf 84' lang='lat' dir='ltr'>nno</span> <span class='ocrx_word' id='word_1_138' title='bbox 976 1501 1130 1558; x_wconf 79' lang='lat' dir='ltr'>dimoventur,</span> <span class='ocrx_word' id='word_1_139' title='bbox 1148 1501 1189 1548; x_wconf 86' lang='lat' dir='ltr'>ced</span> <span class='ocrx_word' id='word_1_140' title='bbox 1201 1515 1239 1548; x_wconf 82' lang='lat' dir='ltr'>nc·</span> 
     </span>
     <span class='ocr_line' id='line_1_13' title="bbox 146 1579 1237 1646; baseline -0.004 -16"><span class='ocrx_word' id='word_1_141' title='bbox 146 1598 187 1646; x_wconf 90' lang='lat' dir='ltr'>qne</span> <span class='ocrx_word' id='word_1_142' title='bbox 197 1581 225 1630; x_wconf 84' lang='lat' dir='ltr'>nd</span> <span class='ocrx_word' id='word_1_143' title='bbox 238 1589 335 1630; x_wconf 87' lang='lat' dir='ltr'>mertem</span> <span class='ocrx_word' id='word_1_144' title='bbox 347 1579 474 1628; x_wconf 73' lang='lat' dir='ltr'>immobilis</span> <span class='ocrx_word' id='word_1_145' title='bbox 486 1587 625 1644; x_wconf 82' lang='lat' dir='ltr'>pereereret,</span> <span class='ocrx_word' id='word_1_146' title='bbox 642 1579 698 1626; x_wconf 88' lang='lat' dir='ltr'>dnm</span> <span class='ocrx_word' id='word_1_147' title='bbox 718 1594 862 1643; x_wconf 84' lang='lat' dir='ltr'>peromnem</span> <span class='ocrx_word' id='word_1_148' title='bbox 873 1581 944 1628; x_wconf 78' lang='lat' dir='ltr'>vitem</span> <span class='ocrx_word' id='word_1_149' title='bbox 962 1579 1065 1646; x_wconf 85' lang='lat' dir='ltr'>injuetoe</span> <span class='ocrx_word' id='word_1_150' title='bbox 1084 1581 1237 1635; x_wconf 70' lang='lat' dir='ltr'>existimetur.</span> 
     </span>
     <span class='ocr_line' id='line_1_14' title="bbox 146 1659 1239 1728; baseline -0.002 -18"><span class='ocrx_word' id='word_1_151' title='bbox 146 1671 180 1710; x_wconf 83' lang='lat' dir='ltr'>ert</span> <span class='ocrx_word' id='word_1_152' title='bbox 190 1671 262 1710; x_wconf 80' lang='lat' dir='ltr'>temen</span> <span class='ocrx_word' id='word_1_153' title='bbox 270 1661 368 1726; x_wconf 77' lang='lat' dir='ltr'>justus:</span> <span class='ocrx_word' id='word_1_154' title='bbox 386 1669 414 1709; x_wconf 90' lang='lat' dir='ltr'>ut</span> <span class='ocrx_word' id='word_1_155' title='bbox 423 1677 476 1709; x_wconf 90' lang='lat' dir='ltr'>curn</span> <span class='ocrx_word' id='word_1_156' title='bbox 489 1661 581 1724; x_wconf 85' lang='lat' dir='ltr'>utrique</span> <span class='ocrx_word' id='word_1_157' title='bbox 600 1659 631 1708; x_wconf 86' lang='lat' dir='ltr'>nd</span> <span class='ocrx_word' id='word_1_158' title='bbox 650 1667 777 1710; x_wconf 81' lang='lat' dir='ltr'>extremum</span> <span class='ocrx_word' id='word_1_159' title='bbox 792 1661 948 1726; x_wconf 74' lang='lat' dir='ltr'>pervenerint,</span> <span class='ocrx_word' id='word_1_160' title='bbox 961 1661 1000 1710; x_wconf 86' lang='lat' dir='ltr'>bic</span> <span class='ocrx_word' id='word_1_161' title='bbox 1018 1661 1114 1728; x_wconf 84' lang='lat' dir='ltr'>quidem</span> <span class='ocrx_word' id='word_1_162' title='bbox 1128 1659 1239 1724; x_wconf 76' lang='lat' dir='ltr'>justitie,</span> 
     </span>
     <span class='ocr_line' id='line_1_15' title="bbox 146 1740 1239 1806; baseline 0.003 -18"><span class='ocrx_word' id='word_1_163' title='bbox 146 1742 184 1789; x_wconf 91' lang='lat' dir='ltr'>ille</span> <span class='ocrx_word' id='word_1_164' title='bbox 194 1750 267 1790; x_wconf 83' lang='lat' dir='ltr'>rotem</span> <span class='ocrx_word' id='word_1_165' title='bbox 277 1741 410 1806; x_wconf 62' lang='lat' dir='ltr'>injustitie,</span> <span class='ocrx_word' id='word_1_166' title='bbox 426 1740 555 1804; x_wconf 80' lang='lat' dir='ltr'>judicetur,</span> <span class='ocrx_word' id='word_1_167' title='bbox 575 1749 627 1790; x_wconf 88' lang='lat' dir='ltr'>nter</span> <span class='ocrx_word' id='word_1_168' title='bbox 644 1755 724 1789; x_wconf 87' lang='lat' dir='ltr'>eurum</span> <span class='ocrx_word' id='word_1_169' title='bbox 742 1741 773 1790; x_wconf 84' lang='lat' dir='ltr'>eit</span> <span class='ocrx_word' id='word_1_170' title='bbox 790 1741 885 1790; x_wconf 84' lang='lat' dir='ltr'>beetinr.</span> <span class='ocrx_word' id='word_1_171' title='bbox 919 1743 961 1792; x_wconf 82' lang='lat' dir='ltr'>So.</span> <span class='ocrx_word' id='word_1_172' title='bbox 978 1741 1062 1806; x_wconf 74' lang='lat' dir='ltr'>Pepe,</span> <span class='ocrx_word' id='word_1_173' title='bbox 1080 1757 1150 1806; x_wconf 82' lang='lat' dir='ltr'>qoem</span> <span class='ocrx_word' id='word_1_174' title='bbox 1167 1741 1239 1791; x_wconf 83' lang='lat' dir='ltr'>rebe·</span> 
     </span>
     <span class='ocr_line' id='line_1_16' title="bbox 147 1820 1238 1887; baseline 0 -17"><span class='ocrx_word' id='word_1_175' title='bbox 147 1829 263 1886; x_wconf 63' lang='lat' dir='ltr'>mentem</span> <span class='ocrx_word' id='word_1_176' title='bbox 274 1821 352 1871; x_wconf 81' lang='lat' dir='ltr'>emiee</span> <span class='ocrx_word' id='word_1_177' title='bbox 363 1820 466 1885; x_wconf 71' lang='lat' dir='ltr'>Glauco,</span> <span class='ocrx_word' id='word_1_178' title='bbox 485 1828 609 1886; x_wconf 83' lang='lat' dir='ltr'>utrumqne</span> <span class='ocrx_word' id='word_1_179' title='bbox 627 1821 711 1878; x_wconf 81' lang='lat' dir='ltr'>virum,</span> <span class='ocrx_word' id='word_1_180' title='bbox 729 1821 795 1886; x_wconf 81' lang='lat' dir='ltr'>qumi</span> <span class='ocrx_word' id='word_1_181' title='bbox 813 1829 913 1871; x_wconf 79' lang='lat' dir='ltr'>etetuem</span> <span class='ocrx_word' id='word_1_182' title='bbox 931 1823 1060 1887; x_wconf 82' lang='lat' dir='ltr'>quendem,</span> <span class='ocrx_word' id='word_1_183' title='bbox 1077 1821 1102 1869; x_wconf 89' lang='lat' dir='ltr'>in</span> <span class='ocrx_word' id='word_1_184' title='bbox 1119 1821 1238 1885; x_wconf 83' lang='lat' dir='ltr'>judicium</span> 
     </span>
    </p>
   </div>
   <div class='ocr_carea' id='block_1_5' title="bbox 147 1901 1337 1967">
    <p class='ocr_par' dir='ltr' id='par_1_5' title="bbox 147 1901 1337 1967">
     <span class='ocr_line' id='line_1_17' title="bbox 147 1901 1337 1967; baseline -0.003 -17"><span class='ocrx_word' id='word_1_185' title='bbox 147 1901 402 1951; x_wconf 82' lang='lat' dir='ltr'>menileetumindueir.</span> <span class='ocrx_word' id='word_1_186' title='bbox 435 1901 521 1950; x_wconf 76' lang='lat' dir='ltr'>Gneo.</span> <span class='ocrx_word' id='word_1_187' title='bbox 539 1902 616 1960; x_wconf 78' lang='lat' dir='ltr'>anrn</span> <span class='ocrx_word' id='word_1_188' title='bbox 628 1901 841 1967; x_wconf 79' lang='lat' dir='ltr'>meximepoeeoin.</span> <span class='ocrx_word' id='word_1_189' title='bbox 875 1903 1067 1966; x_wconf 75' lang='lat' dir='ltr'>cumerqutnlie</span> <span class='ocrx_word' id='word_1_190' title='bbox 1086 1909 1183 1965; x_wconf 87' lang='lat' dir='ltr'>uterque</span> <span class='ocrx_word' id='word_1_191' title='bbox 1198 1903 1240 1960; x_wconf 85' lang='lat' dir='ltr'>rit,</span> <span class='ocrx_word' id='word_1_192' title='bbox 1331 1939 1337 1946; x_wconf 92' lang='lat'><em>.</em></span> 
     </span>
    </p>
   </div>
   <div class='ocr_carea' id='block_1_6' title="bbox 132 1973 1301 4386">
    <p class='ocr_par' dir='ltr' id='par_1_6' title="bbox 132 1973 1301 4386">
     <span class='ocr_line' id='line_1_18' title="bbox 147 1973 1238 2051; baseline 0 -22"><span class='ocrx_word' id='word_1_193' title='bbox 147 1983 199 2030; x_wconf 84' lang='lat' dir='ltr'>nibil</span> <span class='ocrx_word' id='word_1_194' title='bbox 206 1983 266 2046; x_wconf 81' lang='lat' dir='ltr'>jem,</span> <span class='ocrx_word' id='word_1_195' title='bbox 276 1991 304 2031; x_wconf 88' lang='lat' dir='ltr'>nt</span> <span class='ocrx_word' id='word_1_196' title='bbox 314 1983 422 2048; x_wconf 67' lang='lat' dir='ltr'>abitror,</span> <span class='ocrx_word' id='word_1_197' title='bbox 432 1981 528 2031; x_wconf 89' lang='lat' dir='ltr'>diliiciie</span> <span class='ocrx_word' id='word_1_198' title='bbox 538 1991 631 2031; x_wconf 83' lang='lat' dir='ltr'>nemetn</span> <span class='ocrx_word' id='word_1_199' title='bbox 643 1991 687 2040; x_wconf 83' lang='lat' dir='ltr'>eet,</span> <span class='ocrx_word' id='word_1_200' title='bbox 698 1983 775 2048; x_wconf 81' lang='lat' dir='ltr'>quelle</span> <span class='ocrx_word' id='word_1_201' title='bbox 787 1991 909 2051; x_wconf 87' lang='lat' dir='ltr'>utromque</span> <span class='ocrx_word' id='word_1_202' title='bbox 920 1984 968 2032; x_wconf 79' lang='lat' dir='ltr'>vite</span> <span class='ocrx_word' id='word_1_203' title='bbox 975 1989 1092 2047; x_wconf 79' lang='lat' dir='ltr'>expectet.</span> <span class='ocrx_word' id='word_1_204' title='bbox 1109 1973 1238 2030; x_wconf 86' lang='lat' dir='ltr'>diceridnm</span> 
     </span>
     <span class='ocr_line' id='line_1_19' title="bbox 146 2061 1239 2128; baseline -0.001 -17"><span class='ocrx_word' id='word_1_205' title='bbox 146 2061 218 2125; x_wconf 79' lang='lat' dir='ltr'>igitur,</span> <span class='ocrx_word' id='word_1_206' title='bbox 227 2065 292 2126; x_wconf 87' lang='lat' dir='ltr'>qnod</span> <span class='ocrx_word' id='word_1_207' title='bbox 304 2063 325 2112; x_wconf 79' lang='lat' dir='ltr'>ni</span> <span class='ocrx_word' id='word_1_208' title='bbox 335 2064 439 2127; x_wconf 77' lang='lat' dir='ltr'>ceperint</span> <span class='ocrx_word' id='word_1_209' title='bbox 450 2063 538 2128; x_wconf 81' lang='lat' dir='ltr'>eliquid</span> <span class='ocrx_word' id='word_1_210' title='bbox 550 2064 650 2126; x_wconf 82' lang='lat' dir='ltr'>dicetur,</span> <span class='ocrx_word' id='word_1_211' title='bbox 662 2079 692 2112; x_wconf 85' lang='lat' dir='ltr'>nc</span> <span class='ocrx_word' id='word_1_212' title='bbox 703 2064 810 2113; x_wconf 83' lang='lat' dir='ltr'>enietimr</span> <span class='ocrx_word' id='word_1_213' title='bbox 820 2081 868 2127; x_wconf 85' lang='lat' dir='ltr'>me,</span> <span class='ocrx_word' id='word_1_214' title='bbox 886 2065 1002 2121; x_wconf 75' lang='lat' dir='ltr'>Socrates,</span> <span class='ocrx_word' id='word_1_215' title='bbox 1019 2066 1070 2112; x_wconf 79' lang='lat' dir='ltr'>brec</span> <span class='ocrx_word' id='word_1_216' title='bbox 1088 2063 1177 2124; x_wconf 79' lang='lat' dir='ltr'>dicere,</span> <span class='ocrx_word' id='word_1_217' title='bbox 1195 2061 1239 2110; x_wconf 83' lang='lat' dir='ltr'>ned</span> 
     </span>
     <span class='ocr_line' id='line_1_20' title="bbox 145 2142 1239 2209; baseline -0.002 -18"><span class='ocrx_word' id='word_1_218' title='bbox 145 2143 240 2207; x_wconf 52' lang='lat' dir='ltr'>numqui</span> <span class='ocrx_word' id='word_1_219' title='bbox 252 2161 299 2208; x_wconf 88' lang='lat' dir='ltr'>prre</span> <span class='ocrx_word' id='word_1_220' title='bbox 307 2144 400 2208; x_wconf 75' lang='lat' dir='ltr'>justitie</span> <span class='ocrx_word' id='word_1_221' title='bbox 411 2142 549 2208; x_wconf 70' lang='lat' dir='ltr'>injustitiam</span> <span class='ocrx_word' id='word_1_222' title='bbox 571 2144 677 2194; x_wconf 71' lang='lat' dir='ltr'>landent.</span> <span class='ocrx_word' id='word_1_223' title='bbox 713 2143 803 2192; x_wconf 86' lang='lat' dir='ltr'>Dicent</span> <span class='ocrx_word' id='word_1_224' title='bbox 819 2145 890 2201; x_wconf 87' lang='lat' dir='ltr'>enirn,</span> <span class='ocrx_word' id='word_1_225' title='bbox 910 2145 975 2209; x_wconf 90' lang='lat' dir='ltr'>quod</span> <span class='ocrx_word' id='word_1_226' title='bbox 994 2144 1029 2192; x_wconf 82' lang='lat' dir='ltr'>ite</span> <span class='ocrx_word' id='word_1_227' title='bbox 1046 2143 1145 2192; x_wconf 79' lang='lat' dir='ltr'>effectur</span> <span class='ocrx_word' id='word_1_228' title='bbox 1159 2143 1239 2206; x_wconf 81' lang='lat' dir='ltr'>jontne</span> 
     </span>
     <span class='ocr_line' id='line_1_21' title="bbox 145 2223 1238 2290; baseline -0.002 -19"><span class='ocrx_word' id='word_1_229' title='bbox 145 2223 251 2282; x_wconf 66' lang='lat' dir='ltr'>cadelor,</span> <span class='ocrx_word' id='word_1_230' title='bbox 262 2225 409 2289; x_wconf 76' lang='lat' dir='ltr'>torquebitur</span> <span class='ocrx_word' id='word_1_231' title='bbox 426 2233 452 2274; x_wconf 88' lang='lat' dir='ltr'>et</span> <span class='ocrx_word' id='word_1_232' title='bbox 460 2225 554 2274; x_wconf 84' lang='lat' dir='ltr'>vineole</span> <span class='ocrx_word' id='word_1_233' title='bbox 565 2225 681 2288; x_wconf 82' lang='lat' dir='ltr'>petietnr:</span> <span class='ocrx_word' id='word_1_234' title='bbox 699 2225 852 2274; x_wconf 88' lang='lat' dir='ltr'>ernentnrilli</span> <span class='ocrx_word' id='word_1_235' title='bbox 868 2226 941 2288; x_wconf 88' lang='lat' dir='ltr'>oculi,</span> <span class='ocrx_word' id='word_1_236' title='bbox 959 2225 1032 2290; x_wconf 75' lang='lat'><strong>[862]</strong></span> <span class='ocrx_word' id='word_1_237' title='bbox 1054 2233 1124 2287; x_wconf 79' lang='lat' dir='ltr'>etque</span> <span class='ocrx_word' id='word_1_238' title='bbox 1143 2224 1238 2270; x_wconf 86' lang='lat' dir='ltr'>demum</span> 
     </span>
     <span class='ocr_line' id='line_1_22' title="bbox 145 2303 1240 2369; baseline 0 -19"><span class='ocrx_word' id='word_1_239' title='bbox 145 2303 219 2352; x_wconf 80' lang='lat' dir='ltr'>urnnin</span> <span class='ocrx_word' id='word_1_240' title='bbox 231 2304 292 2352; x_wconf 78' lang='lat' dir='ltr'>mele</span> <span class='ocrx_word' id='word_1_241' title='bbox 303 2321 426 2369; x_wconf 70' lang='lat' dir='ltr'>perpetrm</span> <span class='ocrx_word' id='word_1_242' title='bbox 436 2305 600 2366; x_wconf 70' lang='lat' dir='ltr'>suspendetur.</span> <span class='ocrx_word' id='word_1_243' title='bbox 612 2314 683 2369; x_wconf 82' lang='lat' dir='ltr'>etque</span> <span class='ocrx_word' id='word_1_244' title='bbox 694 2313 822 2368; x_wconf 74' lang='lat' dir='ltr'>cognoscet</span> <span class='ocrx_word' id='word_1_245' title='bbox 833 2321 880 2353; x_wconf 88' lang='lat' dir='ltr'>non</span> <span class='ocrx_word' id='word_1_246' title='bbox 891 2321 943 2354; x_wconf 81' lang='lat' dir='ltr'>ecee</span> <span class='ocrx_word' id='word_1_247' title='bbox 953 2305 994 2353; x_wconf 81' lang='lat' dir='ltr'>ted</span> <span class='ocrx_word' id='word_1_248' title='bbox 1004 2303 1077 2352; x_wconf 86' lang='lat' dir='ltr'>rideri</span> <span class='ocrx_word' id='word_1_249' title='bbox 1082 2304 1173 2368; x_wconf 83' lang='lat' dir='ltr'>jnrtnm</span> <span class='ocrx_word' id='word_1_250' title='bbox 1182 2317 1240 2351; x_wconf 88' lang='lat' dir='ltr'>con·</span> 
     </span>
     <span class='ocr_line' id='line_1_23' title="bbox 144 2381 1239 2451; baseline -0.001 -21"><span class='ocrx_word' id='word_1_251' title='bbox 144 2383 312 2446; x_wconf 76' lang='lat' dir='ltr'>cupbcendum</span> <span class='ocrx_word' id='word_1_252' title='bbox 323 2401 382 2436; x_wconf 78' lang='lat' dir='ltr'>ecee.</span> <span class='ocrx_word' id='word_1_253' title='bbox 415 2385 525 2450; x_wconf 73' lang='lat' dir='ltr'>AEeelnyli</span> <span class='ocrx_word' id='word_1_254' title='bbox 536 2391 614 2432; x_wconf 83' lang='lat' dir='ltr'>entem</span> <span class='ocrx_word' id='word_1_255' title='bbox 626 2399 719 2432; x_wconf 81' lang='lat' dir='ltr'>cerrnen</span> <span class='ocrx_word' id='word_1_256' title='bbox 731 2385 816 2434; x_wconf 87' lang='lat' dir='ltr'>rectiue</span> <span class='ocrx_word' id='word_1_257' title='bbox 826 2385 927 2449; x_wconf 75' lang='lat' dir='ltr'>intelligi</span> <span class='ocrx_word' id='word_1_258' title='bbox 940 2393 1030 2451; x_wconf 81' lang='lat' dir='ltr'>poteret</span> <span class='ocrx_word' id='word_1_259' title='bbox 1041 2385 1071 2433; x_wconf 88' lang='lat' dir='ltr'>de</span> <span class='ocrx_word' id='word_1_260' title='bbox 1089 2383 1187 2448; x_wconf 75' lang='lat' dir='ltr'>injusto.</span> <span class='ocrx_word' id='word_1_261' title='bbox 1203 2381 1239 2429; x_wconf 90' lang='lat' dir='ltr'>di·</span> 
     </span>
     <span class='ocr_line' id='line_1_24' title="bbox 144 2465 1240 2530; baseline -0.002 -18"><span class='ocrx_word' id='word_1_262' title='bbox 144 2471 202 2512; x_wconf 83' lang='lat' dir='ltr'>cent</span> <span class='ocrx_word' id='word_1_263' title='bbox 219 2465 324 2525; x_wconf 81' lang='lat' dir='ltr'>prolecto</span> <span class='ocrx_word' id='word_1_264' title='bbox 342 2465 459 2528; x_wconf 81' lang='lat' dir='ltr'>injuntum,</span> <span class='ocrx_word' id='word_1_265' title='bbox 480 2473 563 2528; x_wconf 80' lang='lat' dir='ltr'>utpote</span> <span class='ocrx_word' id='word_1_266' title='bbox 580 2466 670 2513; x_wconf 74' lang='lat' dir='ltr'>rerluti</span> <span class='ocrx_word' id='word_1_267' title='bbox 691 2480 794 2514; x_wconf 77' lang='lat' dir='ltr'>contum</span> <span class='ocrx_word' id='word_1_268' title='bbox 813 2474 941 2515; x_wconf 73' lang='lat' dir='ltr'>sectantem</span> <span class='ocrx_word' id='word_1_269' title='bbox 958 2481 1036 2530; x_wconf 86' lang='lat' dir='ltr'>neque</span> <span class='ocrx_word' id='word_1_270' title='bbox 1052 2467 1083 2514; x_wconf 80' lang='lat' dir='ltr'>ed</span> <span class='ocrx_word' id='word_1_271' title='bbox 1102 2465 1240 2528; x_wconf 82' lang='lat' dir='ltr'>opinionem</span> 
     </span>
     <span class='ocr_line' id='line_1_25' title="bbox 147 2543 1240 2610; baseline 0.004 -20"><span class='ocrx_word' id='word_1_272' title='bbox 147 2543 269 2592; x_wconf 81' lang='lat' dir='ltr'>bominum</span> <span class='ocrx_word' id='word_1_273' title='bbox 280 2545 399 2600; x_wconf 82' lang='lat' dir='ltr'>virentem,</span> <span class='ocrx_word' id='word_1_274' title='bbox 411 2553 522 2608; x_wconf 73' lang='lat' dir='ltr'>oppetere</span> <span class='ocrx_word' id='word_1_275' title='bbox 533 2545 629 2608; x_wconf 85' lang='lat' dir='ltr'>quidem</span> <span class='ocrx_word' id='word_1_276' title='bbox 641 2561 688 2594; x_wconf 86' lang='lat' dir='ltr'>non</span> <span class='ocrx_word' id='word_1_277' title='bbox 700 2546 773 2594; x_wconf 84' lang='lat' dir='ltr'>videri</span> <span class='ocrx_word' id='word_1_278' title='bbox 784 2547 825 2594; x_wconf 78' lang='lat' dir='ltr'>ced</span> <span class='ocrx_word' id='word_1_279' title='bbox 837 2561 887 2594; x_wconf 78' lang='lat' dir='ltr'>ecee</span> <span class='ocrx_word' id='word_1_280' title='bbox 898 2547 1020 2609; x_wconf 78' lang='lat' dir='ltr'>injustum,</span> <span class='ocrx_word' id='word_1_281' title='bbox 1029 2545 1173 2610; x_wconf 71' lang='lat' dir='ltr'>prqsundton</span> <span class='ocrx_word' id='word_1_282' title='bbox 1182 2557 1240 2594; x_wconf 71' lang='lat' dir='ltr'>eune</span> 
     </span>
     <span class='ocr_line' id='line_1_26' title="bbox 143 2623 1296 2696; baseline 0 -24"><span class='ocrx_word' id='word_1_283' title='bbox 143 2624 235 2673; x_wconf 71' lang='lat' dir='ltr'>ulrum</span> <span class='ocrx_word' id='word_1_284' title='bbox 244 2628 269 2672; x_wconf 83' lang='lat' dir='ltr'>et</span> <span class='ocrx_word' id='word_1_285' title='bbox 279 2624 427 2687; x_wconf 69' lang='lat' dir='ltr'>snngrnnc</span> <span class='ocrx_word' id='word_1_286' title='bbox 438 2629 540 2676; x_wconf 71' lang='lat' dir='ltr'>nentem</span> <span class='ocrx_word' id='word_1_287' title='bbox 550 2624 682 2680; x_wconf 75' lang='lat' dir='ltr'>iubentem,</span> <span class='ocrx_word' id='word_1_288' title='bbox 700 2640 732 2674; x_wconf 78' lang='lat' dir='ltr'>ex</span> <span class='ocrx_word' id='word_1_289' title='bbox 748 2640 793 2688; x_wconf 76' lang='lat' dir='ltr'>que</span> <span class='ocrx_word' id='word_1_290' title='bbox 805 2626 911 2687; x_wconf 75' lang='lat' dir='ltr'>gloriere</span> <span class='ocrx_word' id='word_1_291' title='bbox 920 2629 1057 2688; x_wconf 70' lang='lat' dir='ltr'>germinent</span> <span class='ocrx_word' id='word_1_292' title='bbox 1066 2625 1174 2676; x_wconf 77' lang='lat' dir='ltr'>eoncilia.</span> <span class='ocrx_word' id='word_1_293' title='bbox 1192 2623 1254 2688; x_wconf 84' lang='lat' dir='ltr'>pri·&#39;</span> <span class='ocrx_word' id='word_1_294' title='bbox 1289 2683 1296 2696; x_wconf 37' lang='grc' dir='ltr'>ι</span> 
     </span>
     <span class='ocr_line' id='line_1_27' title="bbox 145 2701 1291 2771; baseline -0.002 -17"><span class='ocrx_word' id='word_1_295' title='bbox 145 2722 206 2754; x_wconf 74' lang='lat' dir='ltr'>um</span> <span class='ocrx_word' id='word_1_296' title='bbox 218 2705 313 2770; x_wconf 83' lang='lat' dir='ltr'>quidem</span> <span class='ocrx_word' id='word_1_297' title='bbox 325 2707 470 2770; x_wconf 72' lang='lat' dir='ltr'>mngietmtue</span> <span class='ocrx_word' id='word_1_298' title='bbox 481 2719 565 2768; x_wconf 82' lang='lat' dir='ltr'>cepere</span> <span class='ocrx_word' id='word_1_299' title='bbox 575 2704 600 2750; x_wconf 88' lang='lat' dir='ltr'>in</span> <span class='ocrx_word' id='word_1_300' title='bbox 610 2719 653 2750; x_wconf 82' lang='lat' dir='ltr'>ene</span> <span class='ocrx_word' id='word_1_301' title='bbox 664 2702 769 2760; x_wconf 76' lang='lat' dir='ltr'>civitate,</span> <span class='ocrx_word' id='word_1_302' title='bbox 780 2719 833 2752; x_wconf 85' lang='lat' dir='ltr'>cnm</span> <span class='ocrx_word' id='word_1_303' title='bbox 839 2705 1052 2771; x_wconf 80' lang='lat' dir='ltr'>juetuenpperert:</span> <span class='ocrx_word' id='word_1_304' title='bbox 1064 2706 1159 2762; x_wconf 87' lang='lat' dir='ltr'>deinde,</span> <span class='ocrx_word' id='word_1_305' title='bbox 1167 2717 1239 2768; x_wconf 80' lang='lat' dir='ltr'>quem</span> <span class='ocrx_word' id='word_1_306' title='bbox 1288 2701 1291 2712; x_wconf 92' lang='lat'>&#39;</span> 
     </span>
     <span class='ocr_line' id='line_1_28' title="bbox 145 2783 1241 2851; baseline 0.001 -20"><span class='ocrx_word' id='word_1_307' title='bbox 145 2787 207 2843; x_wconf 85' lang='lat' dir='ltr'>relit.</span> <span class='ocrx_word' id='word_1_308' title='bbox 224 2801 320 2834; x_wconf 72' lang='lat' dir='ltr'>uxorem</span> <span class='ocrx_word' id='word_1_309' title='bbox 331 2787 426 2842; x_wconf 82' lang='lat' dir='ltr'>ducere.</span> <span class='ocrx_word' id='word_1_310' title='bbox 443 2793 467 2832; x_wconf 85' lang='lat' dir='ltr'>et</span> <span class='ocrx_word' id='word_1_311' title='bbox 480 2799 541 2840; x_wconf 76' lang='lat' dir='ltr'>enne,</span> <span class='ocrx_word' id='word_1_312' title='bbox 553 2784 594 2834; x_wconf 86' lang='lat' dir='ltr'>cni</span> <span class='ocrx_word' id='word_1_313' title='bbox 605 2783 670 2839; x_wconf 85' lang='lat' dir='ltr'>velit,</span> <span class='ocrx_word' id='word_1_314' title='bbox 681 2783 757 2832; x_wconf 83' lang='lat' dir='ltr'>luceru</span> <span class='ocrx_word' id='word_1_315' title='bbox 768 2803 774 2831; x_wconf 84' lang='grc' dir='ltr'>ι</span> <span class='ocrx_word' id='word_1_316' title='bbox 793 2801 846 2834; x_wconf 86' lang='lat' dir='ltr'>eum</span> <span class='ocrx_word' id='word_1_317' title='bbox 858 2787 1001 2850; x_wconf 76' lang='lat' dir='ltr'>quibuslibet</span> <span class='ocrx_word' id='word_1_318' title='bbox 1012 2786 1125 2851; x_wconf 70' lang='lat' dir='ltr'>congredi</span> <span class='ocrx_word' id='word_1_319' title='bbox 1135 2799 1241 2834; x_wconf 86' lang='lat' dir='ltr'>commn-</span> 
     </span>
     <span class='ocr_line' id='line_1_29' title="bbox 147 2864 1242 2930; baseline 0.001 -18"><span class='ocrx_word' id='word_1_320' title='bbox 147 2866 269 2929; x_wconf 81' lang='lat' dir='ltr'>nicereqne</span> <span class='ocrx_word' id='word_1_321' title='bbox 279 2883 286 2912; x_wconf 89' lang='grc' dir='ltr'>ι</span> <span class='ocrx_word' id='word_1_322' title='bbox 305 2874 377 2930; x_wconf 82' lang='lat' dir='ltr'>etque</span> <span class='ocrx_word' id='word_1_323' title='bbox 389 2866 418 2914; x_wconf 80' lang='lat' dir='ltr'>erl</span> <span class='ocrx_word' id='word_1_324' title='bbox 432 2865 482 2914; x_wconf 85' lang='lat' dir='ltr'>hec</span> <span class='ocrx_word' id='word_1_325' title='bbox 493 2866 573 2913; x_wconf 75' lang='lat' dir='ltr'>omnic</span> <span class='ocrx_word' id='word_1_326' title='bbox 584 2864 708 2912; x_wconf 75' lang='lat' dir='ltr'>utilitatem</span> <span class='ocrx_word' id='word_1_327' title='bbox 720 2879 812 2929; x_wconf 84' lang='lat' dir='ltr'>cepere,</span> <span class='ocrx_word' id='word_1_328' title='bbox 824 2875 938 2929; x_wconf 82' lang='lat' dir='ltr'>quentum</span> <span class='ocrx_word' id='word_1_329' title='bbox 948 2868 1082 2926; x_wconf 78' lang='lat' dir='ltr'>ferientem,</span> <span class='ocrx_word' id='word_1_330' title='bbox 1092 2883 1146 2916; x_wconf 88' lang='lat' dir='ltr'>curn</span> <span class='ocrx_word' id='word_1_331' title='bbox 1156 2867 1242 2914; x_wconf 86' lang='lat' dir='ltr'>inlerre</span> 
     </span>
     <span class='ocr_line' id='line_1_30' title="bbox 145 2945 1242 3012; baseline 0.001 -19"><span class='ocrx_word' id='word_1_332' title='bbox 145 2945 251 3010; x_wconf 76' lang='lat' dir='ltr'>iujmicm</span> <span class='ocrx_word' id='word_1_333' title='bbox 270 2947 368 2995; x_wconf 84' lang='lat' dir='ltr'>minime</span> <span class='ocrx_word' id='word_1_334' title='bbox 385 2953 506 2994; x_wconf 76' lang='lat' dir='ltr'>verentur:</span> <span class='ocrx_word' id='word_1_335' title='bbox 524 2945 550 2992; x_wconf 87' lang='lat' dir='ltr'>in</span> <span class='ocrx_word' id='word_1_336' title='bbox 568 2945 732 2994; x_wconf 77' lang='lat' dir='ltr'>certaminibue</span> <span class='ocrx_word' id='word_1_337' title='bbox 749 2954 798 2996; x_wconf 86' lang='lat' dir='ltr'>turn</span> <span class='ocrx_word' id='word_1_338' title='bbox 817 2949 916 3010; x_wconf 77' lang='lat' dir='ltr'>publicio</span> <span class='ocrx_word' id='word_1_339' title='bbox 937 2947 1053 3006; x_wconf 77' lang='lat' dir='ltr'>obliviici,</span> <span class='ocrx_word' id='word_1_340' title='bbox 1074 2957 1123 2997; x_wconf 90' lang='lat' dir='ltr'>tum</span> <span class='ocrx_word' id='word_1_341' title='bbox 1146 2946 1242 3012; x_wconf 71' lang='lat' dir='ltr'>privetis</span> 
     </span>
     <span class='ocr_line' id='line_1_31' title="bbox 146 3025 1241 3094; baseline 0 -18"><span class='ocrx_word' id='word_1_342' title='bbox 146 3027 283 3092; x_wconf 70' lang='lat' dir='ltr'>superiorem</span> <span class='ocrx_word' id='word_1_343' title='bbox 295 3027 405 3083; x_wconf 81' lang='lat' dir='ltr'>eredere.</span> <span class='ocrx_word' id='word_1_344' title='bbox 417 3025 516 3089; x_wconf 79' lang='lat' dir='ltr'>pinuque</span> <span class='ocrx_word' id='word_1_345' title='bbox 526 3025 677 3075; x_wconf 80' lang='lat' dir='ltr'>emolumenti</span> <span class='ocrx_word' id='word_1_346' title='bbox 689 3043 759 3091; x_wconf 88' lang='lat' dir='ltr'>qnnrn</span> <span class='ocrx_word' id='word_1_347' title='bbox 777 3029 920 3078; x_wconf 78' lang='lat' dir='ltr'>edverenrioe</span> <span class='ocrx_word' id='word_1_348' title='bbox 939 3030 995 3078; x_wconf 91' lang='lat' dir='ltr'>inde</span> <span class='ocrx_word' id='word_1_349' title='bbox 1011 3045 1152 3094; x_wconf 81' lang='lat' dir='ltr'>excerpere:</span> <span class='ocrx_word' id='word_1_350' title='bbox 1170 3037 1241 3092; x_wconf 80' lang='lat' dir='ltr'>etque</span> 
     </span>
     <span class='ocr_line' id='line_1_32' title="bbox 145 3107 1243 3170; baseline 0 -15"><span class='ocrx_word' id='word_1_351' title='bbox 145 3109 198 3156; x_wconf 83' lang='lat' dir='ltr'>lrinc</span> <span class='ocrx_word' id='word_1_352' title='bbox 207 3109 269 3158; x_wconf 81' lang='lat' dir='ltr'>citici</span> <span class='ocrx_word' id='word_1_353' title='bbox 278 3107 379 3158; x_wconf 78' lang='lat' dir='ltr'>divitem</span> <span class='ocrx_word' id='word_1_354' title='bbox 390 3123 398 3168; x_wconf 75' lang='lat'>3</span> <span class='ocrx_word' id='word_1_355' title='bbox 415 3107 478 3155; x_wconf 93' lang='lat' dir='ltr'>unde</span> <span class='ocrx_word' id='word_1_356' title='bbox 488 3117 513 3156; x_wconf 88' lang='lat' dir='ltr'>et</span> <span class='ocrx_word' id='word_1_357' title='bbox 523 3107 597 3170; x_wconf 76' lang='lat' dir='ltr'>prurit</span> <span class='ocrx_word' id='word_1_358' title='bbox 606 3107 687 3156; x_wconf 85' lang='lat' dir='ltr'>nmicie</span> <span class='ocrx_word' id='word_1_359' title='bbox 697 3116 722 3157; x_wconf 89' lang='lat' dir='ltr'>ct</span> <span class='ocrx_word' id='word_1_360' title='bbox 733 3108 833 3158; x_wconf 75' lang='lat' dir='ltr'>inimicit</span> <span class='ocrx_word' id='word_1_361' title='bbox 843 3111 915 3168; x_wconf 79' lang='lat' dir='ltr'>obdt,</span> <span class='ocrx_word' id='word_1_362' title='bbox 932 3111 990 3160; x_wconf 83' lang='lat' dir='ltr'>deon</span> <span class='ocrx_word' id='word_1_363' title='bbox 1006 3119 1084 3160; x_wconf 83' lang='lat' dir='ltr'>entem</span> <span class='ocrx_word' id='word_1_364' title='bbox 1099 3109 1202 3157; x_wconf 84' lang='lat' dir='ltr'>doneriir</span> <span class='ocrx_word' id='word_1_365' title='bbox 1217 3115 1243 3156; x_wconf 86' lang='lat' dir='ltr'>et</span> 
     </span>
     <span class='ocr_line' id='line_1_33' title="bbox 146 3187 1242 3254; baseline -0.002 -18"><span class='ocrx_word' id='word_1_366' title='bbox 146 3188 265 3237; x_wconf 72' lang='lat' dir='ltr'>munificiis</span> <span class='ocrx_word' id='word_1_367' title='bbox 275 3188 401 3253; x_wconf 74' lang='lat' dir='ltr'>magnifiee</span> <span class='ocrx_word' id='word_1_368' title='bbox 412 3187 483 3244; x_wconf 83' lang='lat' dir='ltr'>colet,</span> <span class='ocrx_word' id='word_1_369' title='bbox 493 3195 518 3236; x_wconf 87' lang='lat' dir='ltr'>et</span> <span class='ocrx_word' id='word_1_370' title='bbox 530 3187 603 3235; x_wconf 87' lang='lat' dir='ltr'>multo</span> <span class='ocrx_word' id='word_1_371' title='bbox 616 3187 698 3235; x_wconf 79' lang='lat' dir='ltr'>melius</span> <span class='ocrx_word' id='word_1_372' title='bbox 708 3203 778 3252; x_wconf 85' lang='lat' dir='ltr'>quem</span> <span class='ocrx_word' id='word_1_373' title='bbox 786 3189 865 3252; x_wconf 83' lang='lat' dir='ltr'>jnetne</span> <span class='ocrx_word' id='word_1_374' title='bbox 874 3191 1000 3240; x_wconf 79' lang='lat' dir='ltr'>conciliem</span> <span class='ocrx_word' id='word_1_375' title='bbox 1017 3191 1061 3238; x_wconf 84' lang='lat' dir='ltr'>eibi</span> <span class='ocrx_word' id='word_1_376' title='bbox 1076 3188 1151 3254; x_wconf 78' lang='lat' dir='ltr'>posuit</span> <span class='ocrx_word' id='word_1_377' title='bbox 1161 3201 1242 3252; x_wconf 87' lang='lat' dir='ltr'>quem·</span> 
     </span>
     <span class='ocr_line' id='line_1_34' title="bbox 145 3267 1243 3331; baseline -0.001 -17"><span class='ocrx_word' id='word_1_378' title='bbox 145 3267 204 3315; x_wconf 90' lang='lat' dir='ltr'>libet</span> <span class='ocrx_word' id='word_1_379' title='bbox 214 3269 251 3316; x_wconf 80' lang='lat' dir='ltr'>vel</span> <span class='ocrx_word' id='word_1_380' title='bbox 267 3269 388 3316; x_wconf 85' lang='lat' dir='ltr'>huminum</span> <span class='ocrx_word' id='word_1_381' title='bbox 400 3268 436 3317; x_wconf 84' lang='lat' dir='ltr'>vel</span> <span class='ocrx_word' id='word_1_382' title='bbox 449 3267 562 3316; x_wconf 86' lang='lat' dir='ltr'>Deorum.</span> <span class='ocrx_word' id='word_1_383' title='bbox 579 3283 607 3315; x_wconf 79' lang='lat' dir='ltr'>er</span> <span class='ocrx_word' id='word_1_384' title='bbox 619 3283 667 3331; x_wconf 90' lang='lat' dir='ltr'>quo</span> <span class='ocrx_word' id='word_1_385' title='bbox 682 3278 866 3318; x_wconf 79' lang='lat' dir='ltr'>contenteneutn</span> <span class='ocrx_word' id='word_1_386' title='bbox 884 3287 934 3320; x_wconf 84' lang='lat' dir='ltr'>erre</span> <span class='ocrx_word' id='word_1_387' title='bbox 951 3271 1043 3328; x_wconf 76' lang='lat' dir='ltr'>retunt,</span> <span class='ocrx_word' id='word_1_388' title='bbox 1055 3279 1081 3319; x_wconf 93' lang='lat' dir='ltr'>ut</span> <span class='ocrx_word' id='word_1_389' title='bbox 1098 3269 1152 3318; x_wconf 88' lang='lat' dir='ltr'>Dec</span> <span class='ocrx_word' id='word_1_390' title='bbox 1168 3267 1243 3314; x_wconf 87' lang='lat' dir='ltr'>cnrior</span> 
     </span>
     <span class='ocr_line' id='line_1_35' title="bbox 145 3346 1243 3415; baseline -0.001 -21"><span class='ocrx_word' id='word_1_391' title='bbox 145 3349 178 3395; x_wconf 81' lang='lat' dir='ltr'>nit</span> <span class='ocrx_word' id='word_1_392' title='bbox 189 3364 261 3412; x_wconf 82' lang='lat' dir='ltr'>quern</span> <span class='ocrx_word' id='word_1_393' title='bbox 276 3349 361 3412; x_wconf 80' lang='lat' dir='ltr'>juetne.</span> <span class='ocrx_word' id='word_1_394' title='bbox 396 3347 450 3397; x_wconf 74' lang='lat' dir='ltr'>Huc</span> <span class='ocrx_word' id='word_1_395' title='bbox 461 3347 551 3396; x_wconf 80' lang='lat' dir='ltr'>notione</span> <span class='ocrx_word' id='word_1_396' title='bbox 561 3349 637 3406; x_wconf 78' lang='lat' dir='ltr'>ciunt,</span> <span class='ocrx_word' id='word_1_397' title='bbox 648 3364 663 3395; x_wconf 92' lang='grc' dir='ltr'><strong>ο</strong></span> <span class='ocrx_word' id='word_1_398' title='bbox 675 3347 791 3411; x_wconf 75' lang='lat' dir='ltr'>Socraten,</span> <span class='ocrx_word' id='word_1_399' title='bbox 808 3357 833 3398; x_wconf 87' lang='lat' dir='ltr'>et</span> <span class='ocrx_word' id='word_1_400' title='bbox 849 3351 913 3415; x_wconf 84' lang='lat' dir='ltr'>epnd</span> <span class='ocrx_word' id='word_1_401' title='bbox 929 3351 994 3400; x_wconf 76' lang='lat' dir='ltr'>Deos</span> <span class='ocrx_word' id='word_1_402' title='bbox 1012 3359 1037 3400; x_wconf 90' lang='lat' dir='ltr'>et</span> <span class='ocrx_word' id='word_1_403' title='bbox 1054 3349 1117 3413; x_wconf 85' lang='lat' dir='ltr'>epod</span> <span class='ocrx_word' id='word_1_404' title='bbox 1136 3346 1243 3395; x_wconf 86' lang='lat' dir='ltr'>beminen</span> 
     </span>
     <span class='ocr_line' id='line_1_36' title="bbox 146 3427 1243 3495; baseline -0.001 -21"><span class='ocrx_word' id='word_1_405' title='bbox 146 3427 233 3476; x_wconf 77' lang='lat' dir='ltr'>melino</span> <span class='ocrx_word' id='word_1_406' title='bbox 244 3427 328 3491; x_wconf 76' lang='lat' dir='ltr'>injectu</span> <span class='ocrx_word' id='word_1_407' title='bbox 340 3429 413 3478; x_wconf 82' lang='lat' dir='ltr'>ritem</span> <span class='ocrx_word' id='word_1_408' title='bbox 423 3429 553 3476; x_wconf 71' lang='lat' dir='ltr'>institutum</span> <span class='ocrx_word' id='word_1_409' title='bbox 564 3443 615 3478; x_wconf 78' lang='lat' dir='ltr'>ecee</span> <span class='ocrx_word' id='word_1_410' title='bbox 625 3444 695 3494; x_wconf 84' lang='lat' dir='ltr'>quem</span> <span class='ocrx_word' id='word_1_411' title='bbox 704 3429 779 3495; x_wconf 75' lang='lat' dir='ltr'>justo.</span> <span class='ocrx_word' id='word_1_412' title='bbox 811 3431 870 3480; x_wconf 79' lang='lat' dir='ltr'>Herc</span> <span class='ocrx_word' id='word_1_413' title='bbox 882 3447 935 3480; x_wconf 84' lang='lat' dir='ltr'>cunr</span> <span class='ocrx_word' id='word_1_414' title='bbox 950 3432 1048 3480; x_wconf 84' lang='lat' dir='ltr'>dirimet</span> <span class='ocrx_word' id='word_1_415' title='bbox 1066 3431 1168 3484; x_wconf 85' lang='lat' dir='ltr'>Gleuco.</span> <span class='ocrx_word' id='word_1_416' title='bbox 1186 3441 1243 3491; x_wconf 75' lang='lat' dir='ltr'>eqe-</span> 
     </span>
     <span class='ocr_line' id='line_1_37' title="bbox 147 3507 1244 3575; baseline -0.002 -20"><span class='ocrx_word' id='word_1_417' title='bbox 147 3523 192 3571; x_wconf 87' lang='lat' dir='ltr'>que</span> <span class='ocrx_word' id='word_1_418' title='bbox 203 3509 234 3555; x_wconf 85' lang='lat' dir='ltr'>ed</span> <span class='ocrx_word' id='word_1_419' title='bbox 246 3511 296 3557; x_wconf 82' lang='lat' dir='ltr'>brec</span> <span class='ocrx_word' id='word_1_420' title='bbox 307 3510 449 3574; x_wconf 72' lang='lat' dir='ltr'>respondere</span> <span class='ocrx_word' id='word_1_421' title='bbox 460 3509 550 3574; x_wconf 67' lang='lat' dir='ltr'>aliquid</span> <span class='ocrx_word' id='word_1_422' title='bbox 562 3512 778 3575; x_wconf 54' lang='lat' dir='ltr'>caeterumsi-ter</span> <span class='ocrx_word' id='word_1_423' title='bbox 787 3511 838 3574; x_wconf 81' lang='lat' dir='ltr'>ejue</span> <span class='ocrx_word' id='word_1_424' title='bbox 849 3511 999 3574; x_wconf 73' lang='lat' dir='ltr'>Adimantun,</span> <span class='ocrx_word' id='word_1_425' title='bbox 1018 3509 1141 3562; x_wconf 87' lang='lat' dir='ltr'>Nundum.</span> <span class='ocrx_word' id='word_1_426' title='bbox 1157 3507 1244 3569; x_wconf 82' lang='lat' dir='ltr'>inquit,</span> 
     </span>
     <span class='ocr_line' id='line_1_38' title="bbox 148 3589 1244 3653; baseline -0.001 -19"><span class='ocrx_word' id='word_1_427' title='bbox 148 3603 162 3634; x_wconf 89' lang='lat' dir='ltr'>o</span> <span class='ocrx_word' id='word_1_428' title='bbox 180 3589 297 3645; x_wconf 64' lang='lat' dir='ltr'>Serretem</span> <span class='ocrx_word' id='word_1_429' title='bbox 317 3591 374 3639; x_wconf 74' lang='lat' dir='ltr'>cotie</span> <span class='ocrx_word' id='word_1_430' title='bbox 383 3591 415 3638; x_wconf 91' lang='lat' dir='ltr'>de</span> <span class='ocrx_word' id='word_1_431' title='bbox 425 3591 468 3638; x_wconf 84' lang='lat' dir='ltr'>bec</span> <span class='ocrx_word' id='word_1_432' title='bbox 480 3591 612 3640; x_wconf 84' lang='lat' dir='ltr'>redictum.</span> <span class='ocrx_word' id='word_1_433' title='bbox 645 3591 689 3640; x_wconf 80' lang='lat' dir='ltr'>So.</span> <span class='ocrx_word' id='word_1_434' title='bbox 706 3591 826 3640; x_wconf 80' lang='lat' dir='ltr'>Cumnm?</span> <span class='ocrx_word' id='word_1_435' title='bbox 861 3591 924 3642; x_wconf 79' lang='lat' dir='ltr'>Aur.</span> <span class='ocrx_word' id='word_1_436' title='bbox 948 3591 978 3639; x_wconf 94' lang='lat' dir='ltr'>Id</span> <span class='ocrx_word' id='word_1_437' title='bbox 996 3591 1077 3653; x_wconf 88' lang='lat' dir='ltr'>utique</span> <span class='ocrx_word' id='word_1_438' title='bbox 1096 3589 1184 3636; x_wconf 86' lang='lat' dir='ltr'>dictum</span> <span class='ocrx_word' id='word_1_439' title='bbox 1195 3601 1244 3634; x_wconf 90' lang='lat' dir='ltr'>non</span> 
     </span>
     <span class='ocr_line' id='line_1_39' title="bbox 147 3667 1245 3735; baseline -0.003 -17"><span class='ocrx_word' id='word_1_440' title='bbox 147 3677 190 3732; x_wconf 79' lang='lat' dir='ltr'>eet,</span> <span class='ocrx_word' id='word_1_441' title='bbox 209 3672 273 3734; x_wconf 89' lang='lat' dir='ltr'>quud</span> <span class='ocrx_word' id='word_1_442' title='bbox 292 3672 392 3720; x_wconf 69' lang='lat' dir='ltr'>maxime</span> <span class='ocrx_word' id='word_1_443' title='bbox 409 3671 460 3719; x_wconf 89' lang='lat' dir='ltr'>dici</span> <span class='ocrx_word' id='word_1_444' title='bbox 477 3671 590 3735; x_wconf 83' lang='lat' dir='ltr'>oportuit.</span> <span class='ocrx_word' id='word_1_445' title='bbox 623 3671 665 3720; x_wconf 84' lang='lat' dir='ltr'>So.</span> <span class='ocrx_word' id='word_1_446' title='bbox 682 3671 762 3721; x_wconf 82' lang='lat' dir='ltr'>Frrter</span> <span class='ocrx_word' id='word_1_447' title='bbox 779 3675 861 3722; x_wconf 81' lang='lat' dir='ltr'>ndeeto</span> <span class='ocrx_word' id='word_1_448' title='bbox 881 3673 939 3728; x_wconf 83' lang='lat' dir='ltr'>niro,</span> <span class='ocrx_word' id='word_1_449' title='bbox 957 3681 983 3720; x_wconf 92' lang='lat' dir='ltr'>ut</span> <span class='ocrx_word' id='word_1_450' title='bbox 1001 3672 1072 3718; x_wconf 80' lang='lat' dir='ltr'>hebet</span> <span class='ocrx_word' id='word_1_451' title='bbox 1090 3667 1245 3733; x_wconf 83' lang='lat' dir='ltr'>proverbium.</span> 
     </span>
     <span class='ocr_line' id='line_1_40' title="bbox 146 3749 1246 3817; baseline -0.004 -20"><span class='ocrx_word' id='word_1_452' title='bbox 146 3765 216 3814; x_wconf 76' lang='lat' dir='ltr'>quere</span> <span class='ocrx_word' id='word_1_453' title='bbox 227 3761 262 3809; x_wconf 83' lang='lat' dir='ltr'>tn,</span> <span class='ocrx_word' id='word_1_454' title='bbox 272 3751 292 3800; x_wconf 83' lang='grc' dir='ltr'>ιί</span> <span class='ocrx_word' id='word_1_455' title='bbox 302 3753 360 3816; x_wconf 88' lang='lat' dir='ltr'>quid</span> <span class='ocrx_word' id='word_1_456' title='bbox 371 3751 412 3801; x_wconf 85' lang='lat' dir='ltr'>hic</span> <span class='ocrx_word' id='word_1_457' title='bbox 421 3751 523 3815; x_wconf 84' lang='lat' dir='ltr'>reliquit,</span> <span class='ocrx_word' id='word_1_458' title='bbox 536 3751 640 3815; x_wconf 75' lang='lat' dir='ltr'>odjum:</span> <span class='ocrx_word' id='word_1_459' title='bbox 657 3767 791 3817; x_wconf 76' lang='lat' dir='ltr'>quenqunm</span> <span class='ocrx_word' id='word_1_460' title='bbox 803 3769 849 3816; x_wconf 89' lang='lat' dir='ltr'>me,</span> <span class='ocrx_word' id='word_1_461' title='bbox 860 3767 913 3817; x_wconf 85' lang='lat' dir='ltr'>qure</span> <span class='ocrx_word' id='word_1_462' title='bbox 924 3753 989 3801; x_wconf 83' lang='lat' dir='ltr'>dicte</span> <span class='ocrx_word' id='word_1_463' title='bbox 999 3759 1054 3799; x_wconf 76' lang='lat' dir='ltr'>nunt</span> <span class='ocrx_word' id='word_1_464' title='bbox 1068 3749 1098 3798; x_wconf 83' lang='lat' dir='ltr'>eb</span> <span class='ocrx_word' id='word_1_465' title='bbox 1116 3749 1171 3804; x_wconf 80' lang='lat' dir='ltr'>icto,</span> <span class='ocrx_word' id='word_1_466' title='bbox 1188 3761 1246 3795; x_wconf 89' lang='lat' dir='ltr'>con·</span> 
     </span>
     <span class='ocr_line' id='line_1_41' title="bbox 144 3827 1246 3897; baseline -0.003 -19"><span class='ocrx_word' id='word_1_467' title='bbox 144 3832 237 3880; x_wconf 73' lang='lat' dir='ltr'>eiecere</span> <span class='ocrx_word' id='word_1_468' title='bbox 248 3841 355 3896; x_wconf 86' lang='lat' dir='ltr'>pereunt,</span> <span class='ocrx_word' id='word_1_469' title='bbox 369 3841 441 3897; x_wconf 90' lang='lat' dir='ltr'>ntqne</span> <span class='ocrx_word' id='word_1_470' title='bbox 451 3833 542 3882; x_wconf 81' lang='lat' dir='ltr'>efficere</span> <span class='ocrx_word' id='word_1_471' title='bbox 554 3841 580 3882; x_wconf 87' lang='lat' dir='ltr'>nt</span> <span class='ocrx_word' id='word_1_472' title='bbox 599 3833 726 3882; x_wconf 77' lang='lat' dir='ltr'>defendere</span> <span class='ocrx_word' id='word_1_473' title='bbox 743 3833 859 3897; x_wconf 81' lang='lat' dir='ltr'>juetitinnr</span> <span class='ocrx_word' id='word_1_474' title='bbox 875 3847 999 3896; x_wconf 78' lang='lat' dir='ltr'>nequeunt.</span> <span class='ocrx_word' id='word_1_475' title='bbox 1031 3831 1095 3881; x_wconf 81' lang='lat' dir='ltr'>Ant.</span> <span class='ocrx_word' id='word_1_476' title='bbox 1121 3827 1187 3878; x_wconf 81' lang='lat' dir='ltr'>Nihil</span> <span class='ocrx_word' id='word_1_477' title='bbox 1208 3827 1246 3875; x_wconf 90' lang='lat' dir='ltr'>di-</span> 
     </span>
     <span class='ocr_line' id='line_1_42' title="bbox 143 3911 1244 3979; baseline 0 -21"><span class='ocrx_word' id='word_1_478' title='bbox 143 3911 187 3960; x_wconf 85' lang='lat' dir='ltr'>cir.</span> <span class='ocrx_word' id='word_1_479' title='bbox 203 3915 260 3961; x_wconf 80' lang='lat' dir='ltr'>endi</span> <span class='ocrx_word' id='word_1_480' title='bbox 272 3922 298 3962; x_wconf 86' lang='lat' dir='ltr'>et</span> <span class='ocrx_word' id='word_1_481' title='bbox 305 3915 358 3963; x_wconf 82' lang='lat' dir='ltr'>herc</span> <span class='ocrx_word' id='word_1_482' title='bbox 370 3923 492 3979; x_wconf 70' lang='lat' dir='ltr'>preteren-</span> <span class='ocrx_word' id='word_1_483' title='bbox 508 3915 578 3962; x_wconf 88' lang='lat' dir='ltr'>decet</span> <span class='ocrx_word' id='word_1_484' title='bbox 587 3915 651 3963; x_wconf 88' lang='lat' dir='ltr'>enim</span> <span class='ocrx_word' id='word_1_485' title='bbox 662 3923 688 3964; x_wconf 92' lang='lat' dir='ltr'>et</span> <span class='ocrx_word' id='word_1_486' title='bbox 697 3915 822 3963; x_wconf 76' lang='lat' dir='ltr'>tonuerint</span> <span class='ocrx_word' id='word_1_487' title='bbox 838 3915 941 3964; x_wconf 82' lang='lat' dir='ltr'>mtionee</span> <span class='ocrx_word' id='word_1_488' title='bbox 951 3913 1063 3962; x_wconf 86' lang='lat' dir='ltr'>inducere</span> <span class='ocrx_word' id='word_1_489' title='bbox 1080 3927 1168 3967; x_wconf 82' lang='lat' dir='ltr'>ectum,</span> <span class='ocrx_word' id='word_1_490' title='bbox 1185 3925 1244 3974; x_wconf 82' lang='lat' dir='ltr'>quen</span> 
     </span>
     <span class='ocr_line' id='line_1_43' title="bbox 142 3991 1244 4061; baseline 0.001 -23"><span class='ocrx_word' id='word_1_491' title='bbox 142 3991 183 4040; x_wconf 87' lang='lat' dir='ltr'>hie</span> <span class='ocrx_word' id='word_1_492' title='bbox 193 3993 282 4049; x_wconf 71' lang='lat' dir='ltr'>attulit,</span> <span class='ocrx_word' id='word_1_493' title='bbox 295 3993 380 4058; x_wconf 71' lang='lat' dir='ltr'>qulbus</span> <span class='ocrx_word' id='word_1_494' title='bbox 390 3995 499 4044; x_wconf 78' lang='lat' dir='ltr'>leudntnr</span> <span class='ocrx_word' id='word_1_495' title='bbox 509 3995 605 4060; x_wconf 86' lang='lat' dir='ltr'>quidem</span> <span class='ocrx_word' id='word_1_496' title='bbox 613 3993 716 4059; x_wconf 73' lang='lat' dir='ltr'>jutitia,</span> <span class='ocrx_word' id='word_1_497' title='bbox 727 3995 843 4061; x_wconf 82' lang='lat' dir='ltr'>iujuetitin</span> <span class='ocrx_word' id='word_1_498' title='bbox 852 4003 933 4046; x_wconf 83' lang='lat' dir='ltr'>euntm</span> <span class='ocrx_word' id='word_1_499' title='bbox 944 3995 1104 4060; x_wconf 77' lang='lat' dir='ltr'>vituperetur:</span> <span class='ocrx_word' id='word_1_500' title='bbox 1126 4001 1153 4041; x_wconf 90' lang='lat' dir='ltr'>nt</span> <span class='ocrx_word' id='word_1_501' title='bbox 1169 3991 1244 4040; x_wconf 87' lang='lat' dir='ltr'>mnni-</span> 
     </span>
     <span class='ocr_line' id='line_1_44' title="bbox 139 4073 1244 4142; baseline 0 -22"><span class='ocrx_word' id='word_1_502' title='bbox 139 4073 225 4122; x_wconf 80' lang='lat' dir='ltr'>ieetine</span> <span class='ocrx_word' id='word_1_503' title='bbox 236 4075 286 4137; x_wconf 76' lang='lat' dir='ltr'>liet,</span> <span class='ocrx_word' id='word_1_504' title='bbox 299 4076 364 4140; x_wconf 91' lang='lat' dir='ltr'>quod</span> <span class='ocrx_word' id='word_1_505' title='bbox 377 4076 433 4124; x_wconf 87' lang='lat' dir='ltr'>mibi</span> <span class='ocrx_word' id='word_1_506' title='bbox 445 4075 539 4127; x_wconf 83' lang='lat' dir='ltr'>Glnucu</span> <span class='ocrx_word' id='word_1_507' title='bbox 549 4078 610 4128; x_wconf 80' lang='lat' dir='ltr'>velie</span> <span class='ocrx_word' id='word_1_508' title='bbox 623 4078 735 4127; x_wconf 64' lang='lat' dir='ltr'>videtur:</span> <span class='ocrx_word' id='word_1_509' title='bbox 758 4077 902 4142; x_wconf 71' lang='lat' dir='ltr'>Prnciplunt</span> <span class='ocrx_word' id='word_1_510' title='bbox 920 4091 976 4126; x_wconf 84' lang='lat' dir='ltr'>erne</span> <span class='ocrx_word' id='word_1_511' title='bbox 995 4085 1073 4141; x_wconf 72' lang='lat' dir='ltr'>petre·</span> <span class='ocrx_word' id='word_1_512' title='bbox 1090 4074 1153 4131; x_wconf 81' lang='lat' dir='ltr'>liliir,</span> <span class='ocrx_word' id='word_1_513' title='bbox 1172 4081 1244 4137; x_wconf 84' lang='lat' dir='ltr'>etque</span> 
     </span>
     <span class='ocr_line' id='line_1_45' title="bbox 138 4157 1247 4224; baseline 0 -22"><span class='ocrx_word' id='word_1_514' title='bbox 138 4169 232 4210; x_wconf 81' lang='lat' dir='ltr'>umnec,</span> <span class='ocrx_word' id='word_1_515' title='bbox 244 4157 286 4220; x_wconf 87' lang='lat' dir='ltr'>qni</span> <span class='ocrx_word' id='word_1_516' title='bbox 297 4171 376 4204; x_wconf 82' lang='lat' dir='ltr'>curem</span> <span class='ocrx_word' id='word_1_517' title='bbox 386 4157 517 4220; x_wconf 82' lang='lat' dir='ltr'>&#39;eliquomm</span> <span class='ocrx_word' id='word_1_518' title='bbox 528 4160 624 4218; x_wconf 80' lang='lat' dir='ltr'>hebent,</span> <span class='ocrx_word' id='word_1_519' title='bbox 642 4167 749 4224; x_wconf 87' lang='lat' dir='ltr'>oportere</span> <span class='ocrx_word' id='word_1_520' title='bbox 760 4160 852 4224; x_wconf 84' lang='lat' dir='ltr'>juetunr</span> <span class='ocrx_word' id='word_1_521' title='bbox 870 4173 931 4216; x_wconf 74' lang='lat' dir='ltr'>ense,</span> <span class='ocrx_word' id='word_1_522' title='bbox 951 4157 1024 4222; x_wconf 71' lang='lat'><strong>[868]</strong></span> <span class='ocrx_word' id='word_1_523' title='bbox 1042 4171 1090 4205; x_wconf 86' lang='lat' dir='ltr'>nou</span> <span class='ocrx_word' id='word_1_524' title='bbox 1108 4162 1202 4220; x_wconf 90' lang='lat' dir='ltr'>propter</span> <span class='ocrx_word' id='word_1_525' title='bbox 1221 4169 1247 4202; x_wconf 82' lang='lat' dir='ltr'>ee</span> 
     </span>
     <span class='ocr_line' id='line_1_46' title="bbox 135 4235 1246 4304; baseline 0.002 -20"><span class='ocrx_word' id='word_1_526' title='bbox 135 4236 215 4299; x_wconf 77' lang='lat' dir='ltr'>ipram</span> <span class='ocrx_word' id='word_1_527' title='bbox 222 4235 345 4301; x_wconf 74' lang='lat' dir='ltr'>justitium</span> <span class='ocrx_word' id='word_1_528' title='bbox 356 4237 490 4293; x_wconf 84' lang='lat' dir='ltr'>leudentee.</span> <span class='ocrx_word' id='word_1_529' title='bbox 501 4235 542 4288; x_wconf 84' lang='lat' dir='ltr'>ned</span> <span class='ocrx_word' id='word_1_530' title='bbox 560 4249 654 4304; x_wconf 82' lang='lat' dir='ltr'>prepter</span> <span class='ocrx_word' id='word_1_531' title='bbox 671 4255 723 4304; x_wconf 74' lang='lat' dir='ltr'>eos,</span> <span class='ocrx_word' id='word_1_532' title='bbox 738 4239 780 4303; x_wconf 92' lang='lat' dir='ltr'>qui</span> <span class='ocrx_word' id='word_1_533' title='bbox 799 4240 854 4287; x_wconf 92' lang='lat' dir='ltr'>inde</span> <span class='ocrx_word' id='word_1_534' title='bbox 870 4247 1007 4304; x_wconf 84' lang='lat' dir='ltr'>eeqnuutur,</span> <span class='ocrx_word' id='word_1_535' title='bbox 1026 4239 1141 4286; x_wconf 70' lang='lat' dir='ltr'>honoret:</span> <span class='ocrx_word' id='word_1_536' title='bbox 1160 4243 1186 4284; x_wconf 90' lang='lat' dir='ltr'>nt</span> <span class='ocrx_word' id='word_1_537' title='bbox 1204 4236 1246 4298; x_wconf 94' lang='lat' dir='ltr'>qnl</span> 
     </span>
     <span class='ocr_line' id='line_1_47' title="bbox 132 4313 1301 4386; baseline -0.003 -19"><span class='ocrx_word' id='word_1_538' title='bbox 132 4317 214 4378; x_wconf 73' lang='lat' dir='ltr'>jutus</span> <span class='ocrx_word' id='word_1_539' title='bbox 227 4320 338 4376; x_wconf 74' lang='lat' dir='ltr'>babetur,</span> <span class='ocrx_word' id='word_1_540' title='bbox 348 4335 379 4368; x_wconf 87' lang='lat' dir='ltr'>ex</span> <span class='ocrx_word' id='word_1_541' title='bbox 388 4334 419 4368; x_wconf 82' lang='lat' dir='ltr'>ee</span> <span class='ocrx_word' id='word_1_542' title='bbox 428 4319 543 4383; x_wconf 86' lang='lat' dir='ltr'>opinione</span> <span class='ocrx_word' id='word_1_543' title='bbox 554 4321 701 4386; x_wconf 75' lang='lat' dir='ltr'>megintretnn</span> <span class='ocrx_word' id='word_1_544' title='bbox 712 4328 737 4370; x_wconf 88' lang='lat' dir='ltr'>et</span> <span class='ocrx_word' id='word_1_545' title='bbox 748 4319 874 4378; x_wconf 76' lang='lat' dir='ltr'>connubio,</span> <span class='ocrx_word' id='word_1_546' title='bbox 891 4327 918 4370; x_wconf 91' lang='lat' dir='ltr'>et</span> <span class='ocrx_word' id='word_1_547' title='bbox 932 4335 1080 4386; x_wconf 79' lang='lat' dir='ltr'>quecunque</span> <span class='ocrx_word' id='word_1_548' title='bbox 1098 4320 1129 4366; x_wconf 87' lang='lat' dir='ltr'>de</span> <span class='ocrx_word' id='word_1_549' title='bbox 1146 4331 1186 4372; x_wconf 85' lang='lat' dir='ltr'>eo,</span> <span class='ocrx_word' id='word_1_550' title='bbox 1203 4313 1244 4378; x_wconf 88' lang='lat' dir='ltr'>qui</span> <span class='ocrx_word' id='word_1_551' title='bbox 1298 4332 1301 4348; x_wconf 55' lang='grc' dir='ltr'>ι</span> 
     </span>
    </p>
   </div>
   <div class='ocr_carea' id='block_1_7' title="bbox 49 4391 1248 4468">
    <p class='ocr_par' dir='ltr' id='par_1_7' title="bbox 49 4391 1248 4468">
     <span class='ocr_line' id='line_1_48' title="bbox 49 4391 1248 4468; baseline 0.002 -22"><span class='ocrx_word' id='word_1_552' title='bbox 49 4443 50 4466; x_wconf 27' lang='lat'>1</span> <span class='ocrx_word' id='word_1_553' title='bbox 132 4397 214 4460; x_wconf 73' lang='lat' dir='ltr'>jure·</span> <span class='ocrx_word' id='word_1_554' title='bbox 233 4401 392 4458; x_wconf 69' lang='lat' dir='ltr'>existimetur,</span> <span class='ocrx_word' id='word_1_555' title='bbox 410 4401 480 4464; x_wconf 88' lang='lat' dir='ltr'>peulu</span> <span class='ocrx_word' id='word_1_556' title='bbox 500 4407 555 4451; x_wconf 79' lang='lat' dir='ltr'>ente</span> <span class='ocrx_word' id='word_1_557' title='bbox 573 4403 669 4452; x_wconf 85' lang='lat' dir='ltr'>dicebet</span> <span class='ocrx_word' id='word_1_558' title='bbox 688 4402 790 4461; x_wconf 85' lang='lat' dir='ltr'>Glrneo,</span> <span class='ocrx_word' id='word_1_559' title='bbox 808 4411 952 4468; x_wconf 79' lang='lat' dir='ltr'>neeequutur.</span> <span class='ocrx_word' id='word_1_560' title='bbox 978 4401 1095 4451; x_wconf 81' lang='lat' dir='ltr'>enimvero</span> <span class='ocrx_word' id='word_1_561' title='bbox 1114 4395 1193 4461; x_wconf 62' lang='lat' dir='ltr'>gioria</span> <span class='ocrx_word' id='word_1_562' title='bbox 1212 4391 1248 4440; x_wconf 82' lang='lat' dir='ltr'>iiii</span> 
     </span>
    </p>
   </div>
   <div class='ocr_carea' id='block_1_8' title="bbox 136 4475 1246 4547">
    <p class='ocr_par' dir='ltr' id='par_1_8' title="bbox 136 4475 1246 4547">
     <span class='ocr_line' id='line_1_49' title="bbox 136 4475 1246 4547; baseline -0.007 -18"><span class='ocrx_word' id='word_1_563' title='bbox 136 4480 264 4540; x_wconf 63' lang='lat' dir='ltr'>puniunt</span> <span class='ocrx_word' id='word_1_564' title='bbox 283 4483 408 4547; x_wconf 71' lang='lat' dir='ltr'>quoddam</span> <span class='ocrx_word' id='word_1_565' title='bbox 428 4481 452 4530; x_wconf 90' lang='lat' dir='ltr'>in</span> <span class='ocrx_word' id='word_1_566' title='bbox 473 4483 552 4547; x_wconf 78' lang='lat' dir='ltr'>primic</span> <span class='ocrx_word' id='word_1_567' title='bbox 569 4483 694 4537; x_wconf 84' lang='lat' dir='ltr'>inducunt.</span> <span class='ocrx_word' id='word_1_568' title='bbox 719 4501 772 4534; x_wconf 82' lang='lat' dir='ltr'>nem</span> <span class='ocrx_word' id='word_1_569' title='bbox 790 4477 915 4536; x_wconf 81' lang='lat' dir='ltr'>inierentee</span> <span class='ocrx_word' id='word_1_570' title='bbox 934 4483 1041 4540; x_wconf 58' lang='lat' dir='ltr'>Deorum,</span> <span class='ocrx_word' id='word_1_571' title='bbox 1056 4475 1246 4544; x_wconf 77' lang='lat' dir='ltr'>nppmbntionee‚</span> 
     </span>
    </p>
   </div>
   <div class='ocr_carea' id='block_1_9' title="bbox 0 0 1589 5314">
    <p class='ocr_par' dir='ltr' id='par_1_9' title="bbox 0 0 1589 5314">
     <span class='ocr_line' id='line_1_50' title="bbox 0 0 1589 5314; baseline 0 0"><span class='ocrx_word' id='word_1_572' title='bbox 0 0 1589 5314; x_wconf 95' lang='lat' dir='ltr'> </span> 
     </span>
    </p>
   </div>
  </div>
 </body>
</html>
