3102 5312
144 539 221 616 oso]
448 537 504 597 ou
529 533 702 602 teuteus
723 535 796 596 uo.
811 537 865 598 xr.
1171 541 1232 600 eae

143 691 304 757 conqueritur.
319 699 345 741 et
355 691 376 742 ti
386 689 524 750 convicerit,
532 691 634 756 pretium
640 691 702 740 sarri
712 689 825 756 ajudirio
834 691 985 742 manturna
996 691 1134 742 sdsrnuato
1152 693 1232 760 dupli·

141 782 223 824 caton
243 773 358 838 accipiat:
382 775 421 823 sin
442 781 522 824 sotem
542 775 665 823 coartetur
686 773 766 829 inerit,
787 779 813 821 st
833 771 946 822 damnum
965 775 1074 823 restituat
1094 781 1119 823 et
1138 791 1232 826 senuna

144 853 364 919 iusupertredatsi
378 854 512 918 jumentum
534 863 575 902 aut
591 870 666 918 equos
684 861 726 902 aut
742 855 807 902 esuis
827 861 869 900 aut
883 854 1040 903 domesticum
1059 855 1125 904 aliud
1143 857 1232 905 animal

142 935 243 997 proximi
253 951 302 984 raro
314 935 437 992 attriverit,
446 935 554 984 animalia
565 935 674 984 dominus
684 935 790 984 simiiitcr
800 933 911 982 &unum
921 935 1037 984 restituat.
1053 936 1074 983 ei
1084 937 1137 1000 quis
1147 945 1234 1000 sponte

142 1017 305 1064 testimonium
314 1017 374 1065 ferra
383 1017 495 1073 noluerit.
504 1017 592 1066 citetur
602 1017 632 1064 ab
642 1016 764 1080 indigente
774 1033 780 1062 ι
800 1015 931 1078 citatusque
941 1023 1048 1080 tempore
1058 1015 1145 1064 idoneo
1163 1017 1234 1075 adrit,

141 1103 168 1143 et
177 1095 347 1156 testimoninm,
357 1107 427 1162 prout
436 1098 536 1154 sciverit,
548 1097 638 1145 atisrat.
654 1097 777 1145 einescire
787 1095 881 1161 dixerit,
898 1095 1059 1161 jurejurando,
1074 1097 1148 1144 tribus
1166 1097 1234 1156 Diis,

140 1173 212 1234 Jove,
223 1175 345 1242 Apolline,
353 1179 468 1227 Themide
479 1177 616 1239 nominatis,
634 1177 726 1225 nescire
743 1192 769 1224 se
787 1177 940 1233 diiunctae
959 1177 1036 1225 abeat.
1054 1175 1127 1242 [est]
1149 1179 1190 1242 qui
1201 1178 1233 1227 ad

139 1255 265 1305 hruodum
275 1260 434 1308 testimonium
448 1260 536 1308 citatus
551 1273 600 1307 uon
621 1258 720 1314 venerit,
741 1259 854 1306 damnum
875 1257 906 1314 ei,
930 1258 972 1322 qui
988 1257 1079 1314 citarit,
1099 1259 1231 1308 secundum

140 1335 218 1398 ieqero
230 1337 342 1403 deponat.
358 1341 376 1387 ai
384 1338 458 1406 juder
476 1339 559 1402 aliquis
578 1339 603 1386 io
623 1337 783 1388 testimouium
802 1339 888 1386 citatus
902 1337 982 1396 fuerit,
999 1338 1136 1387 testimonio
1157 1339 1232 1387 allato

139 1415 359 1467 nullamineadem
378 1433 451 1468 cause
469 1418 610 1466 sententiaro
629 1418 698 1467 terat.
715 1418 810 1467 mulieri
829 1419 957 1475 liberanti
978 1418 1134 1483 quadraginta
1154 1433 1231 1486 annos

138 1497 277 1554 axcesoerit,
287 1507 335 1548 tarn
345 1499 377 1547 ad
387 1500 521 1548 testandum
535 1513 607 1564 quarn
625 1498 657 1547 ad
674 1498 800 1548 dicendum
817 1500 933 1548 interme
950 1498 1042 1564 judicio
1060 1499 1140 1558 liceat,
1158 1500 1230 1549 immo

136 1589 196 1624 sero
207 1589 233 1626 et
243 1579 274 1626 ad
284 1579 435 1642 agendum,si
445 1581 489 1628 sub
498 1579 546 1628 viro
554 1579 649 1630 nonsit.
665 1581 759 1629 virente
768 1595 822 1630 sero
838 1581 922 1630 marito
933 1581 1095 1630 testimonium
1103 1580 1229 1646 perhibere

135 1657 375 1709 solummodoliceat.
390 1675 457 1709 servo
476 1669 553 1719 eutem
572 1669 597 1709 et
614 1675 688 1709 eervae
709 1669 735 1709 et
751 1661 832 1726 pueris
849 1661 880 1710 de
899 1660 1027 1710 homicidio
1050 1663 1127 1711 solum
1148 1661 1230 1710 dicere

133 1739 267 1802 testarique
278 1740 365 1788 fiuent:
388 1741 409 1789 si
419 1739 530 1790 idoneum
540 1741 702 1807 fidejussorem
712 1743 823 1791 dederint
833 1757 859 1791 ee
869 1757 944 1808 usque
954 1742 985 1791 ad
1002 1744 1075 1792 latam
1088 1743 1231 1792 sententiata

137 1829 314 1880 permanemus,
329 1819 419 1870 ritorto
437 1821 492 1870 taisi
501 1821 629 1870 testimomi
639 1821 728 1871 tuerint
737 1823 848 1872 accusati.
864 1819 947 1888 siquis
959 1823 1013 1872 taisi
1022 1823 1152 1872 testimonii
1162 1837 1233 1888 egero

138 1897 247 1956 voluerit,
257 1899 322 1964 quod
332 1908 358 1948 et
366 1901 392 1948 in
403 1908 453 1950 toto
464 1901 524 1952 etin
533 1910 600 1966 perte
607 1903 736 1952 testimonii
743 1911 767 1951 et
775 1903 879 1968 utrisque
885 1905 1024 1953 adverssrde
1033 1904 1099 1960 lieet,
1105 1911 1233 1968 antequam

139 1979 283 2027 nutantium
290 1979 384 2044 judices
394 1981 479 2040 ierant,
488 1981 559 2031 iaiaos
569 1983 642 2031 fuisse
649 1991 724 2032 testes
731 1983 837 2048 objiciet.
852 1985 907 2033 falsi
917 1999 972 2034 vero
982 1984 1112 2033 testimonii
1122 1983 1232 2034 erimina-

139 2058 218 2107 tiones
227 2059 258 2108 ab
267 2061 373 2124 utrisque
383 2061 461 2111 illatas
470 2063 621 2128 magistratus
628 2063 672 2128 ipsi
681 2066 826 2128 musoriptae
837 2072 938 2123 servem,
949 2073 974 2114 et
982 2065 1011 2114 ad
1020 2065 1138 2129 judiciuin
1148 2073 1233 2129 postea

140 2136 173 2187 de
182 2139 243 2189 tatae
249 2142 385 2190 testimonio
394 2143 507 2194 referant
523 2145 544 2194 si
554 2143 608 2209 quie
617 2145 677 2193 falso
684 2145 846 2195 testimonium
852 2147 889 2196 bis
898 2147 984 2196 dixisse
993 2147 1135 2204 inveniatur,
1144 2161 1160 2194 a
1166 2145 1235 2194 nuile

138 2219 194 2284 iege
202 2223 273 2270 tertio
285 2223 367 2272 testari
377 2231 474 2287 cogatur
485 2242 490 2272 ι
504 2225 523 2274 si
534 2239 590 2273 vero
598 2233 641 2282 ter,
652 2225 718 2275 uuile
730 2225 798 2276 modo
805 2227 1105 2291 posteatestirnoniurneibi
1112 2227 1191 2276 dicere
1202 2225 1234 2274 li·

138 2309 201 2350 oeat.
211 2302 276 2366 quod
287 2304 307 2352 si
317 2310 353 2353 ter
360 2305 383 2352 in
393 2304 497 2354 falsitate
508 2305 668 2371 deprehensos
678 2307 759 2356 testari
767 2307 865 2356 ulterius
875 2323 946 2357 ausus
956 2307 1035 2364 tuerit,
1047 2307 1165 2356 avolente
1174 2321 1233 2371 qoo-

140 2381 202 2429 it'bet
212 2383 243 2431 ad
254 2387 414 2448 magirtraturu
430 2387 556 2442 deferatur,
567 2395 592 2435 et
608 2403 623 2435 s
637 2387 773 2452 magistratu
790 2388 897 2437 tradatur
911 2387 1017 2454 judicio:
1039 2387 1095 2436 etsi
1111 2387 1233 2437 convietus

134 2461 221 2539 inem,
229 2465 349 2516 moriatur.
357 2467 452 2532 quando
462 2468 487 2516 in
498 2467 540 2515 lite
551 2467 612 2516 falsa
621 2467 755 2516 testimonia
766 2468 950 2526 intercesserint,
961 2483 1065 2533 perque
1076 2466 1234 2517 adversarium

138 2557 267 2608 superasse
286 2546 361 2595 rideri
382 2547 436 2612 quis
454 2548 547 2613 potuit:
576 2549 706 2613 siplures,
727 2562 797 2612 quam
819 2548 934 2598 medietas
958 2549 1063 2605 teariura
1084 2547 1236 2598 condemnati

140 2624 239 2682 tuerint,
256 2624 372 2688 judicium
393 2629 524 2678 secundom
544 2627 586 2678 ilia
605 2629 694 2678 nulium
716 2627 839 2694 procedat.
876 2629 1010 2695 disceptare
1030 2643 1088 2678 vero
1116 2628 1236 2684 convenit,

140 2711 220 2753 utrum
231 2706 360 2756 secundom
368 2709 412 2758 ilia
421 2711 556 2758 testimonia
567 2711 695 2774 quicquam
702 2709 835 2774 judicaturo
847 2711 878 2760 sit
887 2726 971 2768 necne,
982 2719 1015 2767 et,
1023 2711 1235 2776 quomodocunque

137 2783 358 2849 judicatumiuerit,
367 2790 412 2838 lroc
421 2798 492 2854 pacto
499 2791 588 2856 justum
606 2791 637 2840 lia
653 2791 723 2840 tinem
742 2799 907 2856 corraeqoatur.
942 2789 1032 2840 Verum
1049 2807 1104 2840 curn
1120 2791 1195 2838 multa
1208 2789 1236 2837 ia

139 2867 192 2914 rita
201 2867 323 2917 hominum
334 2869 397 2918 bons
408 2871 464 2929 sint,
475 2869 580 2936 pluribus
591 2885 672 2920 eorum
685 2871 753 2936 quasi
772 2871 881 2936 quedam
899 2872 956 2920 duaa
966 2871 1113 2920 calamitates
1122 2869 1235 2928 insident,

139 2961 197 3010 qna
214 2949 332 2998 maculant
346 2951 388 2999 ilia
405 2959 477 3015 atque
498 2953 659 3016 coinquinant
679 2951 801 3018 judicialia
821 2959 901 3001 autern
917 2951 1059 3016 disceptatio
1072 2951 1235 3017 judiciumque
1265 2975 1270 2988 ι

139 3041 185 3078 our
195 3029 438 3080 homiuiboouuruoo
449 3039 493 3088 eat,
504 3031 567 3095 quod
585 3033 689 3080 humana
705 3033 785 3079 omnia
802 3031 975 3081 mansuefecit?
991 3033 1120 3094 atquieurn
1139 3031 1234 3094 discep·

140 3109 201 3158 tatio
215 3109 270 3157 tatis
277 3110 367 3160 Munus
377 3112 416 3170 ait,
426 3127 468 3161 eur
475 3119 502 3160 et
509 3111 593 3160 adesse
605 3112 630 3160 in
640 3112 682 3159 lite
693 3111 765 3160 alicui
776 3118 801 3159 et
811 3125 887 3160 ceurae
895 3111 966 3173 juata
982 3111 1061 3160 farere
1079 3113 1168 3159 bonnm
1185 3125 1234 3158 oon

141 3188 194 3238 siti
213 3191 263 3239 hec
273 3205 327 3240 curn
338 3191 372 3240 ita
382 3193 437 3249 sint,
450 3205 559 3256 perversa
569 3191 687 3240 caiumnia
695 3191 782 3240 bonurn
794 3193 852 3239 artis
867 3191 931 3239 subit
946 3207 1043 3247 nomeu,
1062 3205 1115 3254 que
1137 3189 1234 3240 artifiei-

141 3285 185 3319 um
194 3271 312 3320 invenere
323 3272 347 3320 in
359 3273 438 3320 litibus
449 3271 541 3328 userit,
552 3286 600 3336 quo
610 3271 703 3336 agenda
713 3279 738 3319 st
750 3269 859 3327 dicenda,
871 3271 922 3320 sire
932 3272 1032 3319 honesta
1045 3271 1096 3318 eive
1110 3269 1187 3333 turpis
1204 3269 1236 3318 sit

143 3361 225 3412 eausa,
240 3365 351 3416 superare
362 3353 431 3401 facile
443 3352 497 3417 quis
506 3353 591 3417 possit,
600 3352 749 3418 victoresque
758 3351 844 3410 iacere,
862 3351 937 3418 [9³8]
949 3349 1034 3413 quibus
1043 3349 1096 3416 ipsa
1104 3351 1235 3400 rationibus
1294 3347 1302 3359 ’

140 3431 272 3496 suisiaret,
283 3433 304 3481 si
324 3447 369 3498 pro
385 3435 444 3482 artis
461 3433 538 3498 ipsius
556 3433 673 3482 beneflcio
691 3433 794 3498 pecuda
815 3432 916 3481 dabitur.
933 3433 984 3481 hec
1002 3433 1051 3481 aire
1072 3433 1130 3480 artis
1150 3447 1235 3496 erpere

142 3513 279 3562 exercitatio
286 3515 395 3578 quedam
405 3515 445 3572 eit,
456 3512 537 3562 danda
543 3529 615 3579 opera
625 3521 670 3570 est,
681 3529 712 3562 ue
725 3514 752 3562 in
769 3521 851 3563 nostra
858 3513 953 3562 civitate
963 3513 1052 3562 aditum
1069 3513 1171 3573 habeat3
1192 3512 1236 3561 sed

141 3591 224 3658 legum
234 3595 310 3644 verita
319 3595 473 3652 conditorem,
483 3595 545 3644 nihii
555 3595 667 3643 adrersur
677 3595 742 3659 leges
752 3594 899 3659 presentet
916 3593 964 3643 alio
982 3593 1088 3658 proiecta
1102 3593 1163 3641 vires
1183 3605 1235 3642 mas

141 3675 262 3724 ostendat.
277 3676 359 3740 siquis
369 3685 424 3726 vem
434 3692 482 3725 non
499 3683 589 3741 pareat,
606 3677 653 3725 hec
670 3677 722 3740 iege
739 3675 899 3724 deterreatur:
916 3675 941 3723 Si
952 3675 1007 3739 quis
1017 3673 1116 3739 justitie
1129 3673 1193 3722 vires
1210 3674 1237 3722 iu

142 3751 231 3804 animis
241 3752 530 3822 judiceminoontrarium
542 3765 632 3807 vertere
652 3759 759 3814 conetur,
782 3773 810 3805 ac
831 3763 918 3821 preter
937 3755 1134 3820 opportunitatem
1161 3755 1238 3804 indta

140 3835 222 3901 litigia
231 3843 368 3894 monstrnt
378 3838 526 3889 moventibus
537 3839 616 3887 adest:
639 3846 696 3904 aget
705 3839 730 3887 io
743 3853 806 3895 euru,
814 3839 948 3902 quicunque
959 3836 1069 3892 voluerit,
1080 3835 1142 3886 male
1149 3834 1238 3902 agendi

143 3923 186 3966 aut
207 3915 310 3983 denique
328 3917 474 3968 defendendi
492 3907 600 3974 erimine,
616 3919 779 3984 judiciumque
800 3919 935 3984 hujumodi
955 3915 1019 3981 apud
1039 3917 1127 3965 electos
1143 3917 1239 3982 judiees

144 3997 256 4062 agitetur.
273 4005 298 4046 et
309 4000 328 4047 si
339 4000 552 4058 demnatusioerit,
563 3999 710 4057 dimetiatur,
727 4008 806 4049 uuum
825 3999 924 4047 avaritie
945 4013 977 4047 an
994 3998 1121 4046 ambitiosa
1134 3997 1238 4063 quadam

144 4079 302 4128 contentione
310 4081 335 4128 id
344 4081 436 4132 iecerit.
454 4095 482 4130 ac
493 4081 782 4144 sicontentione‚certum
800 4080 846 4128 sibi
862 4079 955 4144 judices
968 4087 1062 4143 ternpus
1077 4079 1239 4143 proscribant,

143 4158 171 4207 ia
183 4174 231 4226 quo
242 4175 318 4224 neque
328 4177 371 4226 pro
382 4175 495 4226 seneque
506 4175 548 4226 pro
558 4161 682 4210 alieuiium
692 4169 747 4225 agat
754 4159 847 4210 dicatve
859 4175 953 4209 musam
965 4178 971 4208 :
994 4161 1031 4208 sin
1042 4167 1120 4208 autem
1132 4159 1239 4216 avaritia,

144 4241 283 4307 peregrinus
295 4242 412 4308 quidenna
426 4243 659 4306 regionanunquam
667 4241 794 4299 rediturus,
814 4242 885 4299 abito,
904 4247 929 4290 et
949 4242 969 4289 si
989 4241 1086 4290 redierit
1103 4241 1240 4288 moriturae.

143 4321 203 4372 civia
212 4329 300 4381 sutem,
311 4323 333 4372 ai
344 4322 442 4372 arentia
451 4323 536 4372 iatine
548 4323 572 4372 id
586 4321 782 4389 deprehendatur,
802 4323 914 4388 quonism
927 4322 1053 4388 pecuniam
1068 4321 1130 4369 tanti
1149 4319 1241 4375 terent,

141 4403 241 4452 omnino
254 4404 371 4453 moristru.
388 4403 484 4469 quodsi
504 4403 627 4453 ambitiosa
643 4404 795 4454 oooteatioos
815 4405 852 4454 bis
871 4405 920 4453 tale
941 4403 1000 4470 quid
1020 4403 1105 4453 reete
1117 4399 1239 4466 judicatus

150 4481 232 4539 fuant,
242 4483 267 4531 it
279 4485 357 4548 ipsum
367 4483 511 4549 ruppiicioru
522 4483 615 4534 subest.
