3182 5300
348 553 407 613 otc
687 547 887 610 eticonis
909 545 1092 607 otttoot.
1373 545 1453 628 [sse

352 703 418 770 quit)
430 701 473 752 sed
488 701 551 766 qnod
569 702 617 751 cito
637 701 698 752 falsa
715 702 851 752 dieendbns
869 701 954 750 credit.
987 701 1014 748 Si
1029 715 1085 748 vero
1097 699 1122 747 in
1132 699 1240 764 longiore
1248 705 1451 764 temporeettstst

353 782 474 844 quibusvis
490 781 604 840 crederet,
620 790 646 832 et
666 789 854 846 conquereretur,
874 795 955 830 uonns
971 780 1048 843 magis
1059 780 1136 842 ipsum
1151 779 1289 828 accusares?
1322 777 1449 843 seem,

352 863 421 913 dixit.
454 863 520 911 Num
530 877 559 910 eo
569 862 709 925 quodtarde
719 871 745 911 et
756 879 803 911 non
812 861 935 926 quibusvis
945 861 1036 910 credit?
1069 860 1117 910 Per
1133 860 1216 910 Jorcm
1235 875 1283 908 non
1299 859 1364 916 ideo,
1381 859 1453 908 dixit.

354 943 411 990 Non
427 943 488 992 enim
507 943 612 1000 arbitror,
622 944 709 1008 inquit,
716 951 741 992 te
751 959 802 992 rem
813 943 906 1006 dignam
918 956 969 992 esse
980 949 1064 1006 putare
1071 949 1100 989 ut
1108 941 1140 989 ob
1149 955 1203 990 eam
1213 941 1334 998 bominem
1343 955 1451 998 aocmes,

353 1024 396 1072 sed
407 1039 437 1072 eo
448 1024 509 1088 quod
521 1039 570 1072 non
580 1024 699 1073 credenda
709 1024 843 1074 dicentibus
853 1024 937 1074 credit.
971 1023 1067 1077 Estits,
1078 1021 1149 1070 dixit.
1182 1020 1270 1070 Utrum
1276 1020 1454 1085 igitur,inquit,

355 1121 386 1154 eo
397 1106 460 1168 qnod
472 1107 538 1154 tarde
549 1112 574 1154 et
583 1121 631 1154 non
642 1107 764 1170 quibusvis
774 1105 859 1160 credit,
870 1119 918 1152 non
929 1103 1026 1166 diguam
1036 1117 1083 1150 reto
1094 1117 1146 1150 esse
1157 1109 1226 1165 putes
1234 1103 1311 1166 ipsum
1319 1116 1448 1150 mamm:

355 1175 547 1248 v'emmeoquod
558 1186 606 1233 cito
616 1193 641 1234 et
651 1185 771 1248 quibusvis
782 1183 863 1240 credit,
873 1181 1055 1244 idendignam?
1089 1181 1356 1246 Nousaaeego,dixit.
1381 1181 1449 1240 Quid

354 1264 433 1328 igitur,
442 1265 529 1330 inquit,
538 1281 634 1315 mensas
645 1267 735 1331 ipsum?
770 1265 805 1313 Eo
814 1265 879 1328 qnod
887 1271 980 1328 peccat,
989 1263 1031 1326 qui
1038 1269 1178 1326 anteaquam
1189 1261 1330 1319 consideret,
1338 1263 1387 1311 cito
1394 1263 1449 1326 qui·

355 1345 437 1394 bostis
457 1345 540 1398 credit,
580 1346 616 1393 At
639 1347 660 1394 ei
683 1345 749 1394 tarde
770 1343 909 1393 credidisset
930 1350 1072 1406 anteaquam
1091 1341 1272 1399 considerasset,
1299 1341 1373 1407 [886]
1399 1357 1450 1391 nott

357 1427 498 1488 peccasset?
530 1426 587 1476 Non
603 1441 646 1490 per
662 1423 755 1481 iovem,
775 1425 852 1473 dixit:
870 1425 913 1472 sed
929 1424 1003 1472 etiam
1019 1423 1053 1472 sic
1073 1436 1123 1471 nou
1134 1423 1214 1471 suiuus
1224 1429 1351 1486 peccaset.
1366 1437 1450 1470 raum

357 1519 406 1554 non
428 1506 548 1570 quibusvis
564 1507 661 1555 eredere
682 1515 790 1570 oportere
799 1506 904 1554 arbiunr.
938 1504 964 1552 Si
973 1517 1029 1552 veto
1040 1518 1089 1551 uon
1099 1503 1221 1566 quibusvis
1231 1501 1326 1551 medere
1336 1509 1446 1566 oportere

357 1594 429 1649 potae
445 1586 549 1651 (inquit)
566 1595 589 1635 et
600 1587 687 1650 ignotis
697 1586 814 1650 quomodo
823 1586 871 1634 cito
881 1584 979 1634 credere
988 1583 1100 1633 convenit
1110 1583 1118 1630 i
1136 1583 1179 1632 sed
1189 1591 1258 1646 putas
1268 1583 1333 1647 prius
1342 1589 1450 1645 opottsrs

357 1665 506 1714 considerare
514 1681 545 1714 an
556 1681 611 1715 vera
621 1666 710 1715 dicant.
742 1667 794 1730 Ego
805 1681 869 1722 sane,
880 1665 948 1714 dixit.
980 1663 1045 1712 Nam
1055 1665 1076 1712 si
1085 1664 1221 1720 fansflimes,
1229 1664 1315 1727 inquit,
1324 1661 1450 1726 etcoqnau'

358 1753 422 1803 sunt,
444 1761 491 1794 non
513 1754 606 1810 opottst
621 1747 770 1796 mosidcrsrs
787 1763 818 1795 an
834 1761 890 1795 vore
913 1746 1003 1794 dicant.
1043 1745 1096 1808 Ego
1116 1745 1215 1808 quidem
1232 1744 1356 1800 molior,
1366 1743 1451 1806 inquit.

357 1825 472 1874 Fortassis
486 1834 566 1875 eutem
583 1836 609 1876 et
627 1829 710 1876 horum
726 1828 807 1892 aliqui,
827 1827 911 1892 inquit,
929 1842 978 1874 non
994 1825 1111 1874 credenda
1127 1825 1218 1872 dicunt.
1249 1823 1282 1872 Et
1292 1823 1371 1878 valde,
1383 1822 1454 1870 dixit.

360 1905 425 1962 Quid
434 1905 508 1970 igitur
516 1907 601 1971 tnagis,
610 1907 695 1972 inquit,
707 1909 817 1972 cognatis
828 1915 853 1956 et
863 1907 1017 1956 familiaribus
1028 1906 1124 1955 credere
1132 1921 1175 1969 par
1182 1911 1227 1961 est,
1237 1919 1307 1970 quam
1313 1903 1453 1966 quibusvis?

359 1983 415 2032 Non
432 2001 526 2048 possum
542 1987 629 2042 dicere,
648 1988 733 2051 inquit.
766 1988 831 2044 Quid
843 2001 896 2034 vero
907 1988 927 2034 si
937 2001 986 2036 non
997 1987 1071 2049 magis
1082 1985 1238 2034 familiaribus
1248 1986 1345 2033 credere
1355 1991 1450 2046 oportet

359 2080 431 2128 quarn
441 2067 569 2130 quibusvis,
576 2083 655 2116 nonne
663 2067 750 2116 infidos
759 2069 821 2131 ipsos
827 2069 902 2130 magis
908 2075 992 2131 putare
1001 2073 1097 2130 oportet
1103 2079 1174 2128 qnam
1183 2064 1295 2128 quosvis?
1322 2061 1452 2120 Quomodo

361 2147 424 2194 enim
433 2147 499 2194 non?
515 2147 601 2211 inquit.
634 2147 659 2196 Si
668 2148 742 2211 igitur
752 2149 789 2196 liis
797 2147 893 2211 quidem
903 2148 1032 2196 familiares
1042 2147 1140 2200 fuerint,
1151 2145 1201 2193 illis
1208 2151 1288 2192 eutem
1296 2145 1380 2207 ίςιιοιί,
1389 2159 1452 2207 qno·

360 2226 431 2274 modo
446 2243 494 2275 non
509 2229 630 2292 oportebit
649 2219 746 2276 eosdem
763 2230 839 2292 magis
851 2229 910 2276 fidos
921 2228 1022 2292 putere?
1056 2227 1113 2274 Non
1124 2225 1190 2274 enim
1201 2225 1307 2272 similiter
1315 2223 1374 2272 fdos
1383 2224 1452 2286 ipsos

350 2313 444 2368 putare
453 2316 555 2372 oportet,
564 2309 692 2358 familiares
702 2311 839 2374 etignotos,
850 2310 914 2358 velut
924 2309 992 2357 dicis.
1017 2307 1074 2355 Nou
1083 2304 1307 2370 plscstmibi,dirit.
1332 2303 1454 2351 Similiter

360 2395 448 2442 autem,
458 2389 543 2452 inquit,
554 2397 579 2436 et
589 2404 643 2452 qua
654 2391 684 2438 ub
694 2390 753 2453 ipsis
764 2390 882 2445 dicuntur,
893 2390 934 2438 etti
944 2389 1041 2452 quidem
1051 2385 1205 2444 aeduncetit
1212 2400 1266 2432 reto
1273 2382 1452 2433 uoumedsnda

361 2467 471 2516 ducunt:
488 2476 513 2516 ct
532 2469 610 2516 neutri
624 2469 730 2533 ipsorum
750 2469 891 2532 peccabunt.
923 2467 1059 2516 Absurdunt
1076 2468 1210 2522 etbscest,
1221 2463 1288 2512 dixit.
1320 2462 1452 2511 Deinde:

360 2546 443 2596 esdsm
455 2547 547 2604 dicunt,
557 2547 642 2612 inquit,
654 2549 781 2596 familiares
792 2557 817 2596 et
827 2548 913 2610 quivis,
925 2547 1043 2610 quomodo
1053 2562 1101 2595 uon
1111 2545 1220 2596 similiter
1229 2560 1258 2592 ea
1268 2559 1321 2608 quse
1331 2543 1454 2598 dicuutur,

360 2627 427 2674 firma
446 2627 542 2684 fuerint,
562 2636 604 2675 eut
621 2644 669 2676 noo
686 2629 824 2678 credenda?
857 2627 965 2676 Necesse
976 2636 1023 2684 eet,
1034 2627 1102 2676 dixit.
1133 2627 1221 2675 Nonne
1232 2625 1302 2672 eum
1313 2623 1452 2672 dicentibus

359 2709 421 2772 ipsa,
443 2707 552 2756 similiter
573 2709 719 2758 credendum
736 2719 773 2758 est
794 2709 927 2758 dicentibus
950 2709 1021 2773 ipse?
1055 2708 1181 2757 Probabile
1197 2713 1242 2762 est,
1260 2705 1326 2754 dilit.
1357 2702 1453 2752 Eadem

360 2789 434 2852 igitur
444 2789 577 2836 dicentibus
588 2789 648 2852 ipsis
658 2791 806 2855 ambigebam
814 2790 955 2853 quibusnam
964 2790 1061 2839 madero
1071 2795 1202 2852 oporteret,
1213 2795 1239 2834 et
1247 2786 1333 2851 quibos
1342 2798 1407 2832 non:
1426 2795 1454 2831 et

359 2875 438 2917 uuum
448 2868 501 2918 fidis
509 2875 534 2917 ct
541 2870 673 2918 scientibus
682 2886 769 2935 sequte
781 2870 871 2926 dicunt,
882 2877 923 2919 aut
933 2871 1040 2936 cognatis
1048 2877 1074 2920 et
1082 2867 1247 2918 familiaribus.
1280 2866 1320 2914 De
1327 2865 1366 2914 bis
1374 2863 1451 2930 igitur

361 2951 479 3012 quomodo
488 2957 515 2998 tu
525 2965 607 3000 censes
618 2951 627 2998 i

734 3185 1074 3308 stsre'rttts,
1141 3173 1144 3180 '

651 3397 754 3470 SIVE,
776 3397 832 3456 DE
854 3395 1170 3460 CONSULTANDO.

794 3559 843 3621 [es
857 3557 904 3608 st.
916 3559 1012 3624 sepe]

715 3695 1083 3761 soctttrnsstsrrttus.

356 3837 430 3902 [88⁷]
448 3836 504 3886 Noe
519 3849 575 3886 vero
596 3837 669 3886 etium
688 3837 740 3886 beri
758 3847 784 3886 te
801 3837 877 3888 multo
894 3847 1001 3902 tempore
1021 3835 1208 3902 expectavimus,
1226 3849 1242 3882 o
1260 3832 1371 3898 Sisyphe,
1390 3831 1453 3880 dn

352 3917 499 3966 Stratonicus
509 3918 632 3982 specimen
641 3917 677 3966 sui
685 3916 756 3966 edere
767 3919 855 3966 vellet:
873 3933 920 3982 quo
932 3933 980 3966 una
990 3919 1114 3967 nobiscum
1121 3915 1254 3979 sapientem
1260 3914 1335 3962 virnut
1342 3911 1452 3970 sesnes,

353 3997 395 4059 qui
412 4005 438 4043 et
452 3998 538 4044 multus
554 4007 579 4046 et
598 3999 723 4062 preclarus
741 4013 788 4056 res,
798 4006 849 4046 tum
858 4014 976 4056 samone,
986 4005 1037 4046 tum
1047 4013 1073 4046 rs
1083 3998 1135 4061 ipsa
1145 3993 1301 4044 ostendebat:
1319 4000 1343 4040 et
1353 3993 1413 4056 quia
1423 3999 1449 4038 te

353 4075 514 4138 nonamplins
530 4079 657 4128 affuturam
675 4094 727 4129 esse
743 4080 892 4143 putabamus,
905 4080 953 4143 ipsi
966 4078 1018 4142 jam
1035 4079 1109 4126 virum
1127 4076 1267 4125 audirimus.
1298 4073 1348 4121 Sis.
1362 4070 1447 4118 Etiam

352 4171 396 4221 per
414 4157 507 4206 Jovem.
538 4157 667 4221 Negotium
688 4161 752 4209 enim
769 4161 888 4224 quoddam
905 4159 1111 4222 mibierutmagis
1119 4156 1287 4210 necessarium,
1299 4151 1447 4214 utidnegli·

351 4237 456 4302 gendum
475 4236 533 4284 milti
552 4251 599 4285 non
619 4248 690 4288 esset.
724 4241 880 4304 Magistratus
899 4239 964 4288 enim
982 4240 1060 4288 nostri
1079 4237 1246 4288 consonum
1265 4233 1335 4282 beri:
1364 4233 1446 4294 itaque

262 4313 265 4322 ⁴
355 4320 479 4368 consilium
491 4315 546 4366 dere
558 4333 595 4366 me
606 4319 666 4382 ipsis
676 4321 800 4383 cogebant.
833 4319 910 4369 Nobis
935 4327 1015 4368 eutem
1026 4311 1450 4373 Pharsaliisetiamlexestutmagi·

353 4400 465 4448 stratibus
485 4397 617 4463 parselnue,
638 4399 727 4462 siquem
747 4417 761 4448 e
782 4402 851 4450 nobis
877 4400 1001 4450 consillum
1026 4400 1086 4463 ipsis
1114 4398 1169 4446 dass
1188 4394 1310 4461 jusserint.
1341 4392 1397 4440 Soc.
1412 4389 1451 4438 At

353 4482 580 4544 praetumentes
598 4481 647 4545 legi
668 4493 759 4542 parere,
776 4489 802 4530 et
820 4485 846 4530 in
864 4497 893 4531 ea
912 4482 977 4546 epod
996 4480 1061 4529 cives
1077 4478 1317 4528 exbdmationsesse
1328 4470 1451 4534 veltstqui

351 4560 440 4611 bouum
450 4561 577 4612 consilium
586 4562 644 4612 dere
653 4561 744 4626 possit:
763 4561 830 4612 velut
840 4569 866 4613 at
873 4571 900 4612 tn
910 4563 936 4612 io
944 4561 1156 4612 aestuationem
1164 4557 1229 4623 quod
1239 4553 1454 4616 consiliemus
