3110 5320
138 485 214 564 ceo]
453 487 508 544 ne
530 485 761 548 nerunilce
785 489 861 552 cre.
884 493 923 550 x,
1144 481 1150 490 '
1173 493 1232 552 235

133 659 183 692 nou
191 643 320 707 intelliget,
330 643 389 707 quid
398 641 547 706 pulchritudo
558 655 612 690 cum
621 649 760 704 peupertnte
768 643 808 690 vel
818 643 911 692 divitiis
914 645 1004 708 juncte.
1017 653 1042 692 et
1050 645 1115 708 qunli
1125 660 1179 694 curn
1187 646 1229 694 he-

132 725 185 772 bitu
193 725 278 774 enim
286 725 375 772 mum
384 724 537 787 operensrvel
548 723 635 770 bonum
644 739 649 768 :
661 721 748 785 quidve
759 723 871 772 nobilitas
879 725 917 771 vel
927 725 1070 788 ignobiliter,
1078 725 1128 774 rite
1135 725 1228 788 private

131 819 159 854 ec
168 807 300 869 mpetum,
310 806 380 854 robor
389 815 415 853 et
424 803 582 858 imbecillius,
592 805 661 852 velox
675 803 798 866 ingenium
807 812 832 850 et
841 804 942 860 tadum,
951 813 1076 870 ceteroque
1086 806 1227 872 hujusmodi,

131 902 187 952 qoae
196 893 282 934 nenne
290 887 354 935 circe
362 887 466 935 enimin
474 893 529 934 eunt
538 895 563 932 et
573 899 626 948 ques
636 884 910 948 ecquimntnr„invicem
922 888 1034 950 copulate
1044 888 1133 936 lsciunt
1143 905 1148 934 :
1160 897 1187 936 ut
1197 903 1228 935 ex

130 969 168 1016 lu's
177 968 288 1016 omibus
303 967 447 1030 n'ngulorm
460 973 544 1014 noum
552 966 632 1014 velent
645 964 802 1020 considerare,
821 965 852 1012 ed
869 967 953 1014 enimc
970 975 1078 1016 neturem
1089 968 1227 1034 respiciens,

129 1051 254 1098 meliorem
264 1050 340 1096 vitem
349 1063 364 1096 o
377 1047 488 1096 deteriori
501 1047 649 1096 discernere:
660 1045 801 1094 deteriorem
809 1061 864 1094 eom
876 1049 1007 1112 appellens,
1021 1064 1074 1112 quie
1082 1049 1226 1114 injustiorem

124 1131 234 1178 nim
243 1129 625 1192 efficit;potiorem·eutem,'que
636 1128 773 1192 justiorem:
795 1128 951 1192 reliquavero
964 1138 1107 1180 contemnet.
1123 1131 1225 1178 vidimus

129 1211 194 1258 enim
203 1219 231 1258 et
238 1211 365 1258 rivenn'et
373 1217 464 1258 mortio
473 1210 616 1258 electionem
623 1210 685 1258 hono
695 1208 809 1272 optimum
815 1224 876 1258 esse.
888 1209 960 1276 [619]
970 1210 1032 1260 Gum
1041 1213 1084 1260 hec
1094 1212 1164 1276 igion
1173 1213 1226 1276 opi·

123 1293 209 1348 nime,
219 1293 297 1340 insen
306 1291 439 1340 menno
451 1291 519 1338 firme
532 1299 603 1352 etque
613 1298 671 1344 rete,
682 1297 775 1352 oportet
787 1289 818 1338 ed
828 1290 916 1340 interos
928 1292 1045 1354 proficisci
1055 1310 1061 1339 ι
1071 1308 1102 1342 ne
1113 1292 1166 1356 quis
1176 1292 1226 1342 illic

130 1373 341 1436 divit'merneleqne
348 1371 480 1436 hujusmodi
486 1369 613 1420 edmiretur
621 1387 628 1429 ς
637 1385 696 1418 neve
703 1371 729 1418 in
736 1371 873 1436 tyrannides
882 1380 907 1419 et
914 1373 973 1420 elien
980 1372 1111 1438 hujusmodi
1120 1374 1225 1422 actiones

130 1453 244 1510 iiddom,
255 1455 331 1502 multe
338 1463 364 1502 et
372 1451 743 1516 insenebiliereeleuperpetret,
753 1452 937 1516 ipeequonueus
946 1453 1063 1502 deteriore
1071 1455 1225 1518 perpetietur.

132 1537 202 1584 immo
210 1537 269 1583 ver'o
278 1535 339 1583 sciet
348 1533 452 1582 medinm
465 1549 559 1596 semper
570 1534 666 1582 istorum
675 1533 781 1586 omnium
790 1534 869 1582 mieeie
882 1535 993 1584 extremis
1003 1535 1077 1583 vium
1087 1535 1183 1598 eligere,
1200 1544 1226 1582 et

130 1619 155 1664 in
164 1617 208 1666 lieo
220 1616 272 1664 rite
282 1625 308 1664 et
318 1617 345 1664 in
355 1617 445 1664 intrim
459 1616 494 1664 ite
503 1615 568 1662 enim
577 1615 676 1678 quisque
686 1615 713 1662 fit
722 1615 879 1664 besumimuv.
895 1615 1029 1672 Enimvero,
1037 1615 1078 1680 qui
1087 1624 1143 1663 tunc
1153 1615 1226 1664 rediit

130 1699 194 1746 illinc
201 1699 309 1753 nunnus,
316 1697 459 1761 significevit
466 1695 715 1760 dixisee'pmphetem:
727 1696 791 1760 quod
800 1697 873 1744 etiem
884 1697 967 1746 ultimo
980 1713 1034 1747 curn
1043 1696 1170 1760 prudentie
1179 1697 1222 1744 eli·

126 1779 193 1842 *genti
201 1779 253 1826 vite
263 1779 367 1826 occurrit
378 1777 521 1842 expetendi.
532 1793 580 1826 non
589 1778 653 1826 mele
662 1777 766 1826 snsdioee
777 1779 915 1834 viventius
928 1779 967 1826 vel
978 1779 1067 1842 primus
1076 1777 1151 1842 eliget
1162 1792 1221 1840 neg·

128 1861 233 1923 ligmter,
243 1861 283 1908 vel
293 1859 435 1907 novisms
441 1867 538 1923 propter
548 1860 593 1908 hoc
604 1859 764 1922 delectatque
774 1867 875 1922 torpent.
893 1859 955 1908 Cum
960 1861 1015 1916 ¹hoec
1025 1859 1133 1916 dixisset,
1142 1859 1221 1915 illum,

129 1941 169 2004 qui
177 1941 253 2004 primo
260 1941 574 2004 monumentisque
589 1941 655 1990 illico
669 1948 833 2004 properantem
841 1940 991 2006 tyrannidem
998 1941 1126 1989 munimem
1134 1940 1222 2004 elegio-

127 2037 168 2070 se:
179 2037 205 2070 ec
214 2031 311 2086 propter
322 2023 441 2070 mucium
453 2022 637 2086 eviditntemque
647 2022 711 2070 houd
725 2022 868 2070 sufficienter
878 2023 971 2085 singule
980 2023 1045 2086 prius
1053 2021 1201 2084 exeminesce
1215 2039 1221 2066 ι

128 2115 152 2152 et
160 2103 245 2154 iccirco
253 2104 351 2152 lauriae
359 2104 436 2158 illum,
446 2103 510 2166 quod
519 2119 549 2152 ee
556 2103 637 2152 invite
644 2102 822 2152 eudemum
831 2111 889 2158 eret,
899 2113 925 2150 ut
937 2104 998 2157 filios
1008 2118 1063 2150 suos
1071 2101 1154 2150 ederet
1163 2101 1222 2150 elie·

130 2201 175 2248 qoe
186 2187 250 2234 mele
260 2185 363 2248 plurime
370 2186 504 2234 sustineret.
511 2193 637 2248 postquem
644 2199 700 2232 vero
709 2200 752 2247 per
761 2185 835 2232 otium
845 2185 946 2232 electum
957 2185 1031 2232 vitem
1040 2182 1221 2236 considerasset,

129 2265 228 2330 ejolme
242 2267 320 2321 illum,
332 2265 475 2314 electionem
489 2267 585 2314 nomem
603 2265 773 2329 deplorantem,
790 2281 867 2328 neque
886 2273 1019 2314 servantem
1036 2279 1088 2328 quoe
1106 2265 1222 2326 prophete

129 2347 287 2410 predixeram
296 2361 372 2410 neqrm
383 2362 409 2394 se
417 2347 503 2410 ipsum,
513 2355 626 2410 tnnquem
634 2348 749 2396 melonum
756 2361 860 2402 censam,
871 2347 1042 2402 criminantem,
1052 2345 1096 2393 secl
1103 2345 1221 2392 fortunam

130 2427 300 2492 comesque
311 2439 336 2476 et
343 2429 434 2492 relique
443 2429 523 2476 omnis
531 2429 610 2491 potius
619 2443 689 2491 quem
699 2443 725 2476 se
737 2429 822 2492 ipsum.
848 2429 930 2476 Fuisse
940 2443 996 2475 vero
1008 2428 1076 2474 illum
1087 2441 1118 2472 ex
1125 2426 1170 2480 his,
1180 2424 1223 2488 qui

130 2509 164 2556 de
177 2510 238 2557 celo
248 2508 423 2565 demendmsnt,
434 2509 475 2572 qui
484 2523 541 2558 eene
551 2509 576 2558 in
585 2509 699 2572 superiori
708 2509 758 2558 vite
766 2510 792 2556 in
800 2510 895 2558 civitate
904 2509 983 2574 ulique
991 2507 1112 2556 moderate
1120 2507 1222 2560 vinem,

129 2591 288 2654 virtutemque
300 2591 452 2655 oroquodem
464 2591 552 2654 ubsque
562 2591 715 2655 philosophie
730 2591 814 2640 stridiir
828 2599 973 2640 exercuerat.
1001 2589 1089 2653 Neque
1098 2588 1222 2652 pauciores

119 2687 159 2719 ,er
172 2673 217 2727 his,
228 2673 270 2736 qui
281 2687 313 2720 ex
321 2673 371 2720 ulto
382 2671 478 2728 cedunt,
488 2687 559 2736 quem
568 2687 598 2720 ex
611 2673 672 2726 elus,
683 2679 763 2734 utpote
775 2673 889 2720 melorum
897 2673 999 2736 igneroe
1009 2670 1089 2733 decipi
1101 2667 1220 2734 eligendo.

125 2753 215 2802 *liorem
225 2769 290 2810 vero,
300 2755 341 2818 qui
353 2769 383 2802 ex
393 2763 456 2802 terre
464 2762 586 2809 venenmt,
596 2754 781 2816 plurimosque
790 2760 816 2800 et
826 2753 874 2816 ipsi
882 2753 1055 2802 cehmitetibue
1064 2749 1221 2800 laboraverint

128 2833 846 2898 elmemoevuiesvuerinehsudumereviumeligm.
862 2833 1131 2892 omnicoetum
1144 2831 1217 2878 etiem

128 2925 220 2978 propter
229 2917 299 2964 sortis
306 2917 433 2972 tutonem,
443 2916 556 2966 boum
563 2917 723 2978 melon-umque
733 2915 815 2964 multis
821 2915 907 2964 enimin
913 2915 1067 2964 mutationem
1075 2913 1220 2976 contingere.

128 2996 200 3046 Porro
208 2999 228 3045 ei
237 2999 292 3062 queis
301 3001 404 3062 semper,
413 3013 467 3046 com
476 2998 502 3044 in
510 2998 571 3046 hooc
580 2997 655 3046 ritem
664 2998 763 3052 venerit,
773 2997 864 3046 sincere
873 2997 1058 3059 philosophetur,
1068 3009 1146 3058 neque
1155 2993 1219 3040 elec·

126 3079 196 3126 tionis
205 3093 255 3126 sors
264 3079 349 3126 ultime
356 3079 401 3126 sibi
410 3077 532 3142 continget
541 3095 546 3124 z
559 3093 589 3125 er
602 3077 647 3132 his,
658 3093 711 3140 que
721 3077 788 3126 illiue
797 3077 941 3132 nuntientur,
951 3085 1050 3140 apparet
1057 3091 1111 3124 eum
1121 3087 1169 3122 non
1178 3073 1219 3120 hic

125 3160 202 3208 solm
209 3159 307 3208 felicem
314 3159 372 3216 lore,
381 3159 425 3208 sed
434 3168 459 3206 et
467 3159 636 3222 profectionem
645 3159 700 3206 hinc
711 3158 769 3206 illuc
778 3159 994 3221 regressionemque
1005 3158 1050 3204 huc
1060 3157 1145 3202 iterum
1154 3151 1218 3200 haud

124 3256 184 3289 seue
192 3249 312 3288 terrenum
320 3249 344 3288 et
352 3255 542 3304 esperemegere‚
552 3240 596 3288 sed
605 3242 685 3288 lenem
694 3247 764 3302 etque
775 3238 903 3286 caeleetem.
918 3237 972 3285 Hoc
982 3251 1075 3300 quoque
1085 3231 1218 3282 considere-

126 3322 196 3370 tione
207 3320 305 3384 ὤμω
313 3323 469 3384 mom
477 3337 529 3370 esse
544 3320 646 3376 dicebat,
657 3318 774 3384 quomodo
784 3319 883 3382 singulae
894 3318 978 3366 enimn
988 3317 1049 3364 vitoe
1058 3315 1163 3378 singulos
1174 3312 1217 3360 eli-

125 3401 228 3465 gebant.
243 3401 315 3466 [62⁰]
324 3402 454 3452 miserabile
464 3403 552 3466 quippe
560 3400 632 3456 ismd,
640 3399 773 3454 ridiculum,
784 3399 883 3462 usuque
889 3397 1005 3446 munbile.
1014 3396 1156 3443 electionem
1163 3409 1220 3442 vero

125 3483 260 3532 secundum
269 3483 323 3531 oitae
332 3485 414 3547 prioris
422 3484 616 3532 consuemdinem
625 3491 651 3530 ut
660 3481 787 3546 plurimum
793 3481 852 3528 fieri.
869 3479 981 3527 Animum
990 3477 1061 3532 enim,
1071 3475 1216 3538 inquit,quae

125 3566 183 3613 olim
197 3565 289 3630 Orphei
298 3565 381 3622 meret,
391 3565 478 3612 vidisse
488 3565 559 3628 cygni
569 3564 642 3612 vitem
651 3562 706 3610 odio
714 3562 834 3610 muliebris
842 3561 935 3624 generis
943 3559 1084 3622 eligentem:
1098 3557 1219 3603 nolentem

125 3645 237 3695 videlicet
249 3663 280 3695 ex
292 3646 437 3703 mulieribus,
451 3661 466 3694 a
479 3645 563 3709 quibus
578 3645 669 3694 occisus
683 3645 767 3700 lueret,
781 3643 861 3690 nesci:
878 3639 1065 3705 Thamyrisvero
1075 3636 1219 3700 philomelus.

127 3728 234 3791 Cygnum
244 3729 318 3776 etiem
327 3728 477 3792 conspexisse
494 3727 525 3775 ed
535 3728 643 3774 humone
654 3726 709 3773 vite
720 3725 861 3773 electionem
870 3736 1015 3774 conversum,
1028 3719 1120 3781 alisque
1129 3716 1220 3764 musice

127 3808 244 3864 animdis,
254 3819 283 3857 ut
292 3817 479 3857 consentaneum
486 3817 531 3863 est,
542 3808 657 3856 similiter.
690 3805 802 3870 Aliquem
811 3819 868 3854 vero
880 3819 910 3852 ex
923 3802 1023 3851 sortibus
1033 3800 1108 3848 leonis
1118 3797 1218 3862 elegiese

124 3889 204 3938 ritem.
214 3893 276 3938 benc
287 3905 343 3938 vero
351 3890 432 3955 Ajecis
440 3889 573 3938 Telemonii
583 3889 654 3938 fuisse
664 3887 765 3943 dicebet,
775 3887 825 3934 fieri
835 3886 955 3933 hominem
962 3883 1100 3947 fugientem,
1114 3879 1170 3927 dum
1181 3894 1218 3926 er·

125 3985 214 4019 morum
220 3969 339 4037 judicium
350 3971 408 4018 olim
421 3970 502 4018 damni
512 3979 592 4018 mente
606 3971 744 4018 revolveret.
778 3968 836 4016 Post
846 3968 907 4014 hunc
919 3964 1103 4028 Agamemnonis
1116 3962 1218 4010 animem

123 4059 218 4116 propter
226 4067 352 4106 momnis,
361 4051 417 4100 odio
423 4051 520 4100 humani
529 4053 629 4114 generis,
638 4053 711 4098 vitem
720 4049 804 4112 nquilae
812 4047 931 4096 eecivisee.
948 4047 1073 4094 Atalantes
1079 4054 1159 4092 cutem
1168 4043 1220 4090 eni·

125 4143 194 4188 mem,
201 4131 331 4182 coienedie
341 4131 451 4196 quedem
458 4149 508 4181 cors
514 4133 651 4196 contigeret,
661 4133 770 4180 introitum
776 4129 844 4184 dixit,
855 4144 926 4192 quem
933 4128 1042 4175 meminis
1052 4125 1177 4174 honoribus
1185 4123 1221 4170 vir

123 4220 223 4262 oertstor
233 4215 357 4270 efficietur,
366 4215 487 4262 continere
497 4229 523 4262 se
532 4230 580 4262 nou
590 4215 701 4277 potuisse,
711 4213 768 4276 quin
778 4213 850 4260 vitem
859 4209 1096 4272 certamiineligeret.
1107 4207 1219 4255 enimse

124 4294 210 4342 deinde
221 4294 284 4358 Epei
292 4295 455 4358 Penopeeusir
464 4295 495 4343 ed
504 4295 635 4343 artificiose
643 4294 748 4342 mulieris
753 4301 861 4340 nntmnm
869 4291 976 4355 protinus
983 4289 1131 4337 adventasse.
1138 4287 1219 4349 long·

124 4391 179 4424 vero
188 4377 251 4424 inter
260 4377 402 4426 novissimas
410 4375 531 4425 ridiculosi
538 4377 654 4424 Thersitie
664 4376 766 4423 enimam
773 4375 865 4422 simiam
871 4373 984 4420 induisse.
1001 4369 1065 4418 Cesu
1074 4385 1129 4418 vero
1143 4367 1223 4416 Ulixis

124 4457 207 4504 anime
221 4466 310 4506 sortem
320 4459 430 4506 utimem
438 4459 563 4522 contigisse
574 4476 579 4504 ε
591 4457 700 4522 quocirca
711 4455 776 4504 etad
786 4455 921 4519 eligendum
935 4455 1041 4501 ultimum
1050 4451 1172 4498 advenisse
1184 4449 1219 4494 di-

126 4538 201 4588 cebet.
213 4540 387 4604 preteritorum
398 4547 476 4588 sutem
483 4539 587 4588 laborum
598 4539 710 4588 memorie
719 4538 747 4586 ub
757 4539 883 4588 iunbitioue
895 4545 1033 4590 cessantem,
1043 4531 1138 4594 diuque,
1149 4529 1223 4590 prius·
