3102 5312
308 465 366 526 ³56
752 461 950 524 onerosus
980 456 983 466 ·
1325 459 1404 540 [sec

308 617 456 682 conjunxisti.
474 617 547 684 [lde]
565 617 669 668 dress.
686 617 755 667 Belle
775 618 845 682 igitur
865 617 966 684 prudens
986 613 1106 664 seniorum
1126 613 1196 664 ludus
1212 615 1333 677 bucusque
1355 627 1399 660 nn-

309 695 346 746 bis
366 697 398 744 sit
419 699 532 762 perlum-
574 698 630 750 cer.
658 699 783 747 Pulchrum
812 711 868 746 sene
895 695 997 744 studium
1026 695 1125 744 sirornm
1154 693 1287 758 significem
1306 691 1401 742 rideris·

310 775 415 826 Arene.
440 777 630 827 Consentsneuns
651 789 697 828 ess.
724 793 805 826 rernm
831 777 1052 832 snimsdrertemm,
1074 777 1095 824 ei
1119 777 1164 826 boo
1183 775 1229 823 tibi
1249 789 1353 838 qnoque,
1372 781 1399 821 ut

310 857 485 912 milrisidetur.
518 860 576 910 Cer.
592 858 733 917 Quidnsm?
750 869 774 906 et
785 857 869 923 quibus
887 857 917 906 de
936 857 1022 905 rebus?
1067 857 1170 904 Arene.
1186 853 1227 904 An
1245 855 1324 904 nescis
1339 855 1403 902 idem

311 938 335 985 in
348 941 391 986 lsnc
401 955 435 1001 re,
446 941 508 1002 quod
520 939 673 1004 inpleturum
692 939 811 994 iscullete,
830 939 985 1001 contingere?
1002 937 1043 985 ills
1062 938 1152 1000 qnippe
1165 937 1257 984 nullum
1266 935 1402 999 inpingen-

312 1017 350 1066 dis
360 1020 499 1068 animalibus
511 1021 637 1070 terminum
648 1021 732 1068 hebere
744 1019 837 1068 ridetur
848 1037 853 1066 s
872 1019 915 1067 sed
930 1033 1023 1082 semper
1034 1017 1189 1066 inumbrnudo
1198 1025 1224 1066 et
1234 1015 1400 1070 duumbsendo,

312 1101 354 1146 vel
373 1100 581 1166 quomodocunque
603 1101 694 1150 slitere
715 1099 842 1164 pictonibus
864 1099 890 1148 id
899 1107 1003 1156 secetur,
1013 1113 1125 1148 enomere
1145 1105 1308 1155 consonr‚nec
1327 1105 1406 1145 cent

311 1193 422 1242 unqusm.
437 1197 486 1228 nnn
505 1185 570 1230 onim
593 1191 672 1246 potest
695 1181 754 1237 lieri,
775 1190 801 1229 ul
821 1180 851 1228 sd
871 1181 1005 1245 pnlebriore
1019 1180 1210 1244 expressioreqne
1231 1179 1405 1226 incrementum

311 1273 359 1307 nou
379 1261 498 1314 bebestur.
532 1261 589 1313 Ces.
614 1262 727 1326 Intelligo
748 1262 830 1317 lerme,
850 1261 950 1310 eudicus
971 1277 1025 1324 qu·
1046 1259 1115 1311 dicis.
1137 1261 1228 1308 nullum
1248 1259 1313 1306 onim
1335 1259 1409 1322 bnjue*

311 1340 367 1388 setis
388 1357 455 1390 neum
478 1342 563 1390 habeo.
600 1341 703 1390 Ατιιι.
727 1341 795 1391 Nihil
818 1342 861 1390 sibi
881 1342 908 1390 id
928 1341 1011 1391 obluit.
1034 1343 1076 1390 sed
1099 1343 1144 1390 hee
1163 1341 1222 1390 loric
1241 1341 1309 1388 nobis
1329 1339 1405 1386 ellsu

311 1421 465 1470 similitudine
475 1423 509 1470 sic
520 1431 620 1472 ntornns.
635 1423 656 1470 si
673 1424 725 1487 quie
744 1423 923 1486 pulcherrimum
941 1423 1029 1470 nnimul
1047 1423 1147 1486 pingere
1160 1421 1266 1476 soluerit,
1277 1417 1341 1482 quod
1352 1433 1408 1466 non'

312 1502 342 1548 ed
360 1502 428 1567 pejne
439 1505 479 1551 serl
497 1504 527 1550 ssl
546 1503 632 1552 melino
650 1503 728 1552 loturo
746 1518 839 1568 semper
856 1511 961 1567 tempore
980 1502 1152 1567 progredimur,
1166 1517 1245 1551 noune
1263 1499 1404 1555 simones

312 1581 414 1630 mostslis
422 1583 460 1640 sit,
471 1583 516 1631 nisi
526 1583 628 1648 sliqnem
636 1585 691 1632 srtis
700 1599 856 1634 mnemon
864 1585 993 1648 mlmnmit,
1001 1584 1051 1648 qui,
1061 1583 1147 1648 siquid
1155 1585 1193 1632 sel
1200 1591 1305 1647 tempore
1312 1595 1342 1628 es
1350 1581 1405 1628 eni·

312 1661 370 1710 meli
380 1663 492 1712 obolitum
506 1664 584 1722 inerit,
597 1666 734 1722 insumere,
745 1667 783 1714 rel
799 1681 842 1730 per
860 1666 1045 1716 imbodllileocsn
1056 1665 1114 1714 srtis
1122 1666 1153 1713 sis
1163 1663 1253 1714 ertifiee
1264 1661 1405 1728 pretermis-

312 1755 363 1790 snsn
374 1742 475 1808 sdjieese
485 1746 559 1808 possit
569 1754 640 1810 etque
650 1747 683 1794 its
689 1746 848 1810 fulgentinsin
856 1747 909 1794 dies
917 1747 1002 1796 enimsi
1010 1745 1118 1802 reddere,
1125 1742 1334 1794 leborinnmillnd
1345 1757 1406 1806 opos

310 1821 487 1888 mntempore
498 1825 653 1876 duraturum?
686 1826 744 1876 Cer.
760 1825 865 1878 Prorsus.
898 1826 1002 1878 Arssssr.
1020 1825 1060 1875 An
1078 1825 1277 1891 nonlegisietoris
1295 1824 1405 1872 solentes

309 1903 360 1952 bec
382 1905 424 1952 tibi
443 1921 495 1954 esse
517 1906 628 1955 ridetur?
645 1907 762 1972 prindpio
780 1907 886 1972 quidem.
894 1915 920 1957 nt
940 1909 1006 1972 leges
1025 1908 1070 1957 sibi
1089 1907 1235 1956 sufficientur
1251 1904 1406 1967 etqunieito

310 1997 353 2046 pro
364 1983 451 2034 visibus
470 1988 655 2038 couecribsntnr.
672 1987 760 2037 deinde
781 1989 924 2053 procedente
944 1999 1057 2054 tempore,
1069 1997 1095 2037 et
1110 1987 1216 2053 periculo
1234 1999 1311 2034 nrum
1328 1985 1404 2038 fecto,

310 2073 411 2126 putesne
421 2066 455 2114 sic
466 2077 583 2116 umentem
602 2069 759 2132 legislatorem
779 2069 880 2134 sliqnesn
898 2078 996 2127 esent
1013 2067 1334 2134 ignoretneeesseriemeeee
1344 2063 1404 2112 teli!

309 2145 353 2192 sibi
374 2147 448 2194 mulie
466 2149 574 2212 relinqui,
592 2165 644 2214 qne
656 2149 824 2198 emendetiosse
845 2151 984 2199 successoris
1004 2151 1101 2216 slicnjns
1120 2147 1260 2212 indigessst:
1278 2159 1310 2192 ne
1331 2144 1401 2208 pejor

310 2225 415 2287 quidem,
433 2229 474 2276 sed
493 2229 575 2278 melior
600 2231 733 2295 respublics
756 2245 851 2296 semper
871 2233 1019 2295 ornstlorque
1036 2230 1164 2280 efirisbnr?
1196 2228 1256 2278 Cer.
1272 2225 1402 2275 Psobsbilc

308 2313 353 2354 eet.
370 2309 549 2372 nnmqnomndu
566 2310 630 2359 nolle
640 2313 664 2360 id
682 2313 787 2376 poterit?
822 2313 925 2361 Ατιιι.
942 2313 1087 2376 Quocunque
1103 2310 1174 2374 igitur
1190 2309 1231 2356 rie
1241 2307 1338 2372 poterit,
1350 2314 1402 2354 t⁸¹¹¹

308 2399 416 2450 nequem
426 2390 593 2446 sableulium
608 2392 658 2440 sive
673 2393 785 2458 majorem
802 2392 853 2440 sire
869 2393 985 2442 minorem
995 2391 1098 2448 docebit,
1106 2389 1225 2456 monsedo
1233 2385 1404 2438 eumne

309 2472 334 2512 et
345 2468 487 2530 corrigendus
498 2471 562 2533 leges
570 2480 633 2528 ennt,
641 2487 686 2522 nec
706 2488 807 2537 nnqunsu
819 2473 844 2520 in
863 2474 899 2522 lsis
915 2473 1025 2522 dicendis
1043 2473 1219 2536 defetigebitur,
1232 2470 1280 2519 nisi
1289 2470 1321 2518 sd
1332 2470 1404 2517 linem

310 2545 451 2608 perdurent.
476 2548 549 2616 [⁷7⁰]
583 2551 641 2600 Cns.
657 2554 693 2601 Its
710 2560 783 2600 cerlo.
815 2552 920 2602 Arnen.
937 2553 1024 2603 Nonne
1038 2553 1065 2602 id
1078 2553 1142 2601 'mibi
1164 2561 1190 2601 et
1211 2551 1276 2600 subis
1295 2551 1322 2598 iu
1343 2563 1405 2613 prrs-

310 2627 388 2673 scntis
408 2627 562 2678 leeiuudnsn?
596 2632 653 2682 Cns.
670 2631 736 2690 Quid
755 2633 810 2680 sis?
843 2635 947 2682 Arnen.
964 2635 1081 2689 Quoniam
1104 2635 1171 2698 leges
1189 2633 1257 2682 lstnri
1277 2645 1364 2684 mmus,
1377 2635 1404 2676 et

309 2705 389 2766 legum
399 2707 509 2757 custodes
519 2712 591 2758 crecti
609 2721 670 2770 sunt,
682 2728 724 2760 noe
741 2721 821 2760 entem
837 2713 867 2760 sd
889 2725 999 2760 cocorum
1010 2713 1065 2760 vise
1076 2713 1300 2776 sppmpinqnsmus,
1311 2717 1336 2756 et
1346 2723 1402 2756 cus-

307 2787 377 2834 boden
386 2787 426 2834 isti
441 2789 509 2836 nobis
521 2790 625 2854 juniores
643 2801 712 2840 sunt:
732 2800 823 2855 oportet
842 2806 895 2848 nos,
917 2799 943 2838 ut
958 2793 1069 2848 dirisnnn,
1081 2793 1147 2854 leges
1165 2791 1227 2838 iesre
1241 2779 1402 2853 rimosusque

307 2865 366 2914 istuc
386 2879 434 2916 tem
455 2869 619 2932 legemlslures
638 2887 710 2936 quem
727 2873 836 2920 custodes
858 2871 937 2936 quood
956 2887 1079 2935 possumus
1095 2873 1182 2920 leome-
1214 2872 1274 2921 Cns.
1290 2869 1400 2928 Quidni?

308 2945 435 2996 dnmmodo
461 2949 486 2996 id
515 2950 572 2998 entis
594 2951 644 3000 lieri
665 2961 745 3016 queat.
779 2952 882 3002 Λτιιι.
900 2953 1069 3002 Verumtamen
1098 2952 1228 3017 impensius
1257 2951 1401 2999 ennitnmur.

310 3029 370 3077 Cis.
386 3029 454 3077 Nihil
470 3031 586 3092 probibet.
619 3031 723 3080 Areon.
739 3033 778 3082 Sic
797 3048 853 3097 ergo
874 3033 1089 3084 sdeosdicnmns:
1123 3033 1329 3095 Oensiui,legnm
1340 3047 1401 3079 con·

308 3115 443 3166 mamm,
452 3113 567 3174 pennulte
585 3113 610 3160 in
620 3113 719 3177 singulis
739 3129 792 3173 nos,
803 3117 843 3179 qni
861 3115 927 3179 leges
937 3117 1057 3180 ponimns,
1077 3113 1209 3164 necessario
1226 3115 1397 3177 relinquemus,

308 3203 361 3252 qum
371 3197 450 3239 temen
461 3207 508 3240 non
519 3207 592 3256 pem
602 3203 670 3242 munt
683 3212 688 3241 ε
706 3195 778 3244 insnso
797 3209 822 3244 et
839 3211 888 3244 rem
906 3211 998 3244 omnem
1017 3213 1061 3260 pru
1071 3197 1158 3245 viribus
1168 3195 1282 3245 exteriore
1291 3193 1397 3257 quedem

307 3271 523 3335 circumscriptione
533 3275 724 3340 significebimns,
733 3291 803 3340 quern
822 3277 918 3340 quidem
934 3278 1027 3342 impleri
1038 3279 1131 3326 euobis
1142 3277 1267 3342 oportebit.
1283 3291 1331 3340 qno
1342 3291 1398 3324 seso

235 3387 241 3400 .
305 3350 332 3398 id
350 3352 445 3401 lecturis
466 3355 533 3402 vebis
552 3357 724 3420 respiciendum
745 3365 789 3414 est,
811 3357 899 3408 sudite.
935 3359 1047 3423 Megillns
1067 3370 1160 3424 egoque
1180 3367 1207 3406 et
1227 3357 1308 3407 clini:
1334 3357 1400 3404 inser

306 3445 350 3479 nos
367 3447 526 3496 sepenumero
545 3437 654 3495 elisimus,
664 3447 690 3486 ct
705 3439 778 3502 probe
796 3453 840 3488 nos
858 3439 946 3488 dixisse
962 3439 1122 3489 convenimus.
1138 3455 1225 3503 roeqne
1239 3453 1354 3502 romu,
1365 3446 1397 3485 ῑιῑ
1418 3471 1428 3486 ·

306 3521 332 3560 et
341 3505 463 3578 indulgere
474 3517 543 3564 nobis
552 3525 577 3566 el
595 3517 681 3567 irnitsri
700 3524 767 3584 quosi
783 3519 893 3585 discipuli
913 3522 1038 3586 mgistroe
1057 3521 1145 3577 velitis,
1156 3521 1188 3570 ed
1196 3535 1224 3570 ee
1234 3521 1283 3583 ipre
1293 3518 1396 3582 respici·

306 3599 380 3650 entes,
391 3594 422 3641 sd
432 3611 486 3660 quc
496 3597 577 3661 legum
586 3600 678 3648 cussodi
692 3609 716 3648 et
733 3601 800 3649 letori
818 3603 989 3666 respiciendum
1006 3602 1154 3653 concorditer
1171 3599 1399 3650 nnsconsensimsss.

305 3673 373 3737 lsnjns
396 3678 556 3726 consemineis
573 3695 646 3728 unum
667 3689 704 3728 est
724 3689 803 3744 ceput,
814 3691 840 3730 ut
861 3685 932 3732 bomo
953 3685 1030 3732 Mnus
1047 3684 1170 3740 efficietur,
1181 3681 1397 3731 bebeussirtntern

306 3753 379 3800 enimi
387 3754 488 3804 bominis
498 3760 626 3822 propriam,
637 3761 716 3810 studio
737 3763 815 3826 sliquc
833 3772 925 3827 pentem
945 3773 987 3813 eut
1006 3781 1049 3814 nen
1059 3773 1100 3812 out
1110 3773 1176 3814 certe
1186 3766 1290 3828 quedem
1300 3763 1406 3827 adepti-¹

305 3834 408 3886 meve}
429 3838 559 3900 cupiditate
579 3840 617 3889 rel
638 3843 751 3905 opinione
770 3845 807 3891 rel
826 3845 906 3909 nliqnn
927 3861 1013 3910 genere
1032 3847 1254 3902 donniemumneu
1275 3845 1399 3893 mulne

305 3909 337 3956 sit
346 3909 394 3958 sire
404 3913 499 3973 lemine,
510 3919 559 3967 sive
566 3920 662 3983 juvenis
681 3939 721 3972 sen
741 3939 822 3973 senex.
838 3934 909 3990 etque
924 3929 955 3976 cd
974 3929 1019 3976 hoc
1036 3929 1122 3991 ipsum,
1131 3926 1197 3992 quod
1207 3927 1316 3982 dicimur,
1327 3926 1405 3988 quies-¹

303 4003 350 4050 que
360 4005 402 4080 per
412 3999 487 4043 lotsns
497 3997 570 4047 ritem
580 4004 643 4050 omni
664 4005 744 4053 studio
763 4007 855 4064 tendet,
866 4017 952 4064 cetere,
963 4023 1016 4072 que
1036 4009 1209 4072 impedimento
1220 4007 1276 4056 buic
1285 4007 1319 4055 rei
1330 4017 1398 4064 sunt,

304 4069 436 4132 mihim·
452 4089 495 4136 pro
506 4080 580 4140 petrin
600 4093 722 4145 preterea.
733 4087 753 4134 ei
773 4101 871 4138 neeesse
891 4089 930 4144 sit,
952 4089 1014 4137 mori
1031 4097 1127 4153 peretur
1141 4091 1179 4145 sit,
1198 4095 1323 4153 enthnnsn
1334 4089 1405 4136 volit*

302 4155 344 4196 ⁸⁸¹²
354 4163 460 4199 emm
469 4155 548 4206 videre
559 4160 686 4222 civissem,
694 4168 799 4232 jugoque
818 4169 937 4218 sersilulis
955 4169 1087 4234 eobjecum
1103 4185 1117 4217 e
1128 4169 1248 4235 pejoribne
1259 4170 1396 4233 gubernes-i,

300 4235 342 4276 ¹⁰⁸
353 4229 491 4295 “²8¹in
502 4235 618 4290 deserere.
635 4246 723 4310 quippe
742 4257 847 4298 estreuse
867 4251 946 4298 omnis
967 4251 1090 4300 munde
1108 4259 1163 4298 sunt
1184 4251 1272 4313 potino.
1283 4263 1350 4312 quesn
1364 4249 1395 4298 its

298 4311 558 4402 ’Q'fflffifflffifflm
579 4321 660 4371 cisitu
679 4329 918 4395 commutenqune
938 4331 1031 4395 pejores
1053 4331 1114 4380 solet
1133 4332 1244 4380 homines
1259 4329 1343 4385 ncese.
1362 4329 1396 4380 in

298 4391 333 4438 hss
352 4407 403 4457 pem
424 4395 519 4458 pridem
537 4413 582 4448 noe
600 4409 778 4458 comnena:
796 4420 821 4460 es
839 4425 903 4462 nnnc
921 4429 971 4468 vos,
993 4413 1025 4461 ed
1046 4414 1096 4461 hec
1116 4419 1216 4476 utroque
1228 4411 1399 4474 semidentee,

294 4471 390 4522 lsudste
406 4473 470 4542 leges
488 4487 514 4528 et
534 4481 672 4549 vituperate.
690 4488 763 4556 [ill]
789 4508 837 4550 ese,
859 4494 964 4560 iniquus,
986 4495 1124 4560 sinpesse,
1146 4507 1202 4556 quse
1222 4495 1272 4542 hese
1292 4495 1401 4558 snnqni
