3174 5296
160 527 237 612 ort]
515 569 519 582 .
613 523 827 595 urruours.
1198 533 1260 597 rso

156 677 213 742 erle,
224 683 269 736 iat
279 686 376 752 apum
391 687 518 752 uorurqo·
535 695 632 752 popter
646 688 725 752 rpmn
736 687 805 744 uos,
814 685 987 750 memo·
999 673 1105 737 uuum
1114 687 1263 764 pruepm

155 763 277 816 aulum.
293 768 356 816 banc
365 766 440 832 igitur
450 767 550 832 primam
560 767 726 834 lnapiciamua,
737 781 792 831 quae
802 781 834 816 er
844 767 956 816 omnibua
965 769 1076 817 burnanla
1085 769 1177 818 artibus
1186 770 1222 819 ita
1232 777 1263 819 re

153 845 237 905 babet,
248 847 315 905 utri
325 849 377 899 bno
387 862 437 897 una
446 857 607 906 wmomttrr,
618 849 783 898 amentiaaima
798 855 824 896 et
840 847 1040 912 insipientiaaima
1055 850 1159 899 hominia
1174 859 1261 916 natura

153 921 276 978 reddatur.
292 945 341 978 nun
352 937 390 979 eat
397 938 480 979 antetn
488 930 534 979 boc
544 929 646 978 inventu
655 929 762 978 difficile.
778 939 835 977 narn
845 929 863 978 ai
875 929 918 976 uni
930 943 1002 979 unam
1012 930 1130 989 conderer,
1140 931 1192 988 illa,
1205 945 1261 996 quar

151 1017 281 1058 nnmerum
298 1011 436 1060 mortalium
455 1011 538 1076 generi
557 1010 633 1068 dedit,
650 1009 674 1058 id
694 1009 802 1075 proiecto
820 1009 916 1058 efficiet.
949 1009 1031 1059 Deum
1052 1019 1134 1060 autem
1155 1013 1264 1076 aliquem'

153 1089 232 1154 maglo
252 1101 324 1156 qrtam
340 1092 461 1141 fortunam
478 1094 509 1141 ad
529 1093 632 1140 aalutem
650 1100 757 1140 normam
774 1091 820 1138 hoc
839 1101 928 1138 nrnnna
941 1091 1008 1139 oobia
1016 1091 1115 1140 arbitror
1123 1094 1261 1142 contulisse.

152 1183 226 1234 quern
236 1188 294 1221 rero
303 1173 385 1221 Denln
394 1183 486 1236 putem,
498 1173 568 1220 roble
576 1173 663 1228 dicant,
676 1171 770 1221 etiamri
780 1171 897 1220 abenrdua
906 1171 1003 1220 videbor
1011 1179 1037 1220 et
1046 1187 1126 1220 rrurue
1134 1175 1205 1222 modo
1212 1173 1261 1224 alio

150 1261 201 1300 noo
211 1252 336 1302 abanrdua.
350 1254 493 1317 namipeurn
503 1253 621 1301 bonorum
632 1253 740 1301 omnium
751 1260 882 1309 auctorem,
894 1267 937 1301 cnr
944 1267 992 1301 non
1003 1253 1078 1302 etiam
1086 1253 1184 1302 maximi
1191 1255 1259 1317 booi‚'

152 1327 227 1399 [ert]
244 1335 379 1398 prudentia
386 1333 449 1390 dico,
459 1345 556 1382 cautam
565 1331 749 1382 arbitrabimur?
766 1347 838 1396 quem
846 1320 903 1381 raro
912 1333 994 1382 Deum
1003 1333 1122 1392 landibua,
1132 1347 1149 1382 ο
1158 1335 1261 1398 Megillo

150 1417 179 1460 et
197 1412 285 1471 Clinia,
302 1415 393 1463 effero?
410 1413 497 1464 coelum
511 1415 601 1463 ierrne:
621 1415 684 1477 quod
701 1429 744 1478 par
763 1423 810 1471 eet,
827 1415 890 1463 elcut
911 1413 1033 1463 demones
1043 1415 1085 1463 alii
1096 1415 1166 1463 aimul
1176 1429 1260 1465 omnen

150 1495 275 1558 murique
293 1495 344 1544 Dei
362 1496 461 1552 luriunt,
481 1509 526 1544 noe
541 1509 636 1560 quoque
654 1495 783 1544 bonoribua
802 1497 882 1544 colere
901 1496 1058 1560 acprucipue
1070 1495 1175 1545 adorare.
1192 1497 1260 1561 atqui

150 1579 287 1624 ceterorum
306 1575 413 1625 omnium
434 1577 552 1625 bonorum
575 1589 672 1625 cauum
692 1576 762 1624 nobis
783 1577 870 1624 coelnm
891 1577 966 1624 iniere
985 1577 1261 1627 ornneaoonfiterentur.'

146 1651 245 1703 dedisse
262 1666 377 1720 preterea
393 1667 529 1714 nnmerum,
547 1665 621 1721 atque
640 1657 722 1713 etiam,
741 1657 763 1705 ai
781 1658 835 1720 quia
854 1659 978 1706 obrer'rare
998 1658 1064 1715 relit,
1083 1658 1202 1716 daturum,
1213 1673 1259 1708 noe

150 1735 305 1786 affirmamur.
322 1739 386 1802 quod
398 1735 496 1801 quidem
505 1738 528 1786 ia
538 1747 688 1801 assequetur,
699 1737 740 1801 qni
751 1737 777 1784 ln
788 1745 879 1786 rectm
897 1737 950 1803 ejna
970 1739 1158 1802 speculationem
1175 1755 1259 1788 arcen-

151 1811 224 1872 derit,
244 1816 295 1865 aire
314 1819 432 1868 muudum
453 1819 504 1866 aive
525 1819 656 1885 Olympum
675 1818 726 1866 rire
744 1819 830 1867 coelum
848 1817 874 1866 id
892 1818 968 1866 libeat
988 1819 1117 1882 appellare,
1129 1820 1260 1870 dummodo

151 1895 283 1946 varietates
302 1897 381 1962 lpaiua
401 1899 545 1956 consideret,
563 1909 589 1949 et
607 1897 728 1964 quomodo
747 1899 856 1949 anfractu
872 1899 1022 1963 circuitoque
1039 1907 1153 1949 astrorum
1164 1901 1260 1950 diversa

152 1974 242 2028 endu
252 1987 370 2042 tempora,
381 1979 544 2043 alimentaque
563 1980 706 2029 animalibua
715 1979 837 2045 largiatur,
848 1995 876 2028 ac
887 1981 1028 2043 rapientiarn
1038 1994 1150 2029 unacum
1160 1997 1259 2031 numero

151 2057 287 2121 ceterisque
295 2057 372 2117 bunia,
380 2060 517 2109 hominibus
522 2059 650 2110 tribuatid
657 2075 714 2109 vero
721 2061 931 2120 maximnmcrt,ai
942 2061 1005 2125 quia,
1013 2077 1164 2110 numerorum
1175 2067 1262 2112 nrunut

152 2137 184 2187 ab
195 2155 224 2187 eo
235 2139 379 2204 anacipiena,
391 2155 487 2189 omnem
498 2149 622 2204 percurrat
631 2141 765 2191 circuitum.
782 2141 825 2190 aed
841 2142 955 2190 memoria
969 2149 1107 2206 reputamur
1123 2143 1222 2200 dictum,
1234 2151 1260 2191 et

151 2219 284 2269 medreirne
295 2217 402 2284 quidem,
410 2220 437 2268 in
446 2221 609 2286 anperioribua
619 2237 634 2270 a
644 2221 714 2271 nobia
724 2221 806 2280 iniere,
819 2222 840 2270 ai
851 2222 904 2287 quia
910 2223 940 2271 ab
948 2222 1067 2271 hominurn
1078 2230 1165 2271 natura
1174 2215 1260 2272 nume}

150 2315 206 2350 rnrn
226 2301 327 2358 auferat,
343 2315 464 2365 nunquam
479 2303 611 2365 prudenter
626 2317 672 2352 noa
690 2302 749 2351 iore.
765 2317 886 2366 nunqnam
906 2303 971 2351 enim
980 2303 1054 2352 ferme
1066 2305 1175 2353 animalia
1185 2305 1258 2370 lrujua

151 2381 352 2431 animarirtutem
361 2394 455 2431 ornnem
466 2383 619 2448 percipiet,a
630 2397 678 2447 quo
687 2383 802 2432 rationem
814 2383 957 2432 abrtuleria:
973 2399 1019 2433 nac
1030 2385 1128 2441 animal,
1136 2387 1201 2448 qnod
1210 2387 1259 2435 duo

149 2469 177 2510 et
195 2461 249 2517 tria,
264 2469 290 2511 et
305 2477 350 2527 par
366 2471 392 2511 et
405 2463 492 2527 impar,
510 2477 539 2512 ac
556 2477 678 2512 numerum
691 2477 786 2528 promor
797 2463 898 2528 ignorat,
910 2465 1024 2512 rationem
1036 2465 1146 2513 derebae
1159 2467 1259 2514 reddere

148 2557 258 2607 nuquam
268 2543 366 2608 poterit,
376 2559 436 2608 quaa
445 2559 519 2594 aenan
530 2545 606 2593 aulum
618 2552 691 2610 atque
703 2545 814 2593 mernorla
826 2545 937 2610 percipit.
946 2545 1064 2609 reliquam
1073 2559 1128 2593 rero
1135 2545 1259 2603 virtutem,

147 2619 314 2672 {mumdum
325 2624 379 2673 dico
391 2633 416 2673 et
428 2625 617 2690 temperantiam,
627 2625 714 2675 habere
725 2627 784 2675 nibil
795 2625 912 2690 probibet.
928 2627 972 2690 qui
982 2633 1063 2674 entem
1082 2639 1144 2674 vera
1161 2627 1259 2676 rationla

149 2712 189 2752 eat
197 2719 290 2768 erpere,
300 2704 322 2752 ia
332 2705 453 2769 quomodo
464 2705 559 2769 rapient
568 2721 675 2771 unquam
686 2707 787 2756 evadet?
805 2705 846 2756 cui
854 2721 911 2754 reru
922 2705 998 2755 deerit
1004 2705 1132 2770 rapientia,
1139 2708 1258 2756 univerae

148 2783 245 2834 vntum
254 2799 308 2849 pare
318 2785 430 2843 maxima,
437 2785 466 2842 ir,
478 2801 533 2834 curn
540 2787 618 2835 bono·
626 2785 735 2835 abaolnte
741 2801 794 2835 care
801 2801 851 2834 non
859 2787 944 2851 poen't,
951 2801 1075 2852 uunquam
1083 2787 1258 2836 beatitudinem

150 2873 299 2932 araequetur.
315 2866 350 2914 ita
365 2881 465 2916 neaerae
481 2873 518 2915 ert
534 2867 631 2916 omnino
647 2883 771 2916 numerum
790 2852 989 2932 preruppouere:
1007 2867 1080 2932 idque
1099 2868 1259 2918 numerium

148 2961 211 3003 eaae,
222 2946 331 3010 pluribua
340 2946 414 2996 etiam
423 2947 553 2996 rationrbua
563 2948 692 2996 monstrari
702 2947 768 2996 licet.
785 2949 827 2995 aed
839 2957 905 2996 recte
917 2963 980 2996 rruoo
991 2947 1082 2996 ratione
1093 2949 1138 2996 hoc
1151 2949 1260 2998 carendi·

147 3031 196 3083 tur,
207 3025 274 3090 quod
290 3035 377 3076 cetere
394 3035 466 3085 artae,
483 3041 544 3091 quaa
561 3043 645 3076 omuea
662 3027 737 3092 paulo
756 3035 812 3075 ante
830 3028 1028 3084 enumeravimua,
1046 3027 1140 3076 aoblato
1160 3043 1259 3077 numero

149 3107 248 3173 penitua
258 3115 410 3157 eraneacent.
425 3107 488 3156 iurte
498 3121 564 3164 vero,
575 3107 618 3172 qni
628 3106 659 3155 de
672 3107 763 3156 artibua
771 3107 894 3171 cogitabit,
905 3121 983 3172 pauca
994 3123 1047 3155 aare
1064 3107 1223 3164 arbitrabitur,
1231 3109 1258 3156 iu

149 3187 238 3252 quibua
254 3191 383 3237 humanum
401 3201 478 3252 genua
496 3201 597 3235 numeru
612 3187 722 3250 indigen
739 3188 846 3250 quemvir
863 3193 888 3234 et
906 3188 951 3235 boo
960 3189 1074 3250 magnum
1086 3189 1125 3234 rit.
1141 3203 1222 3236 rerum
1234 3189 1257 3238 ai

148 3269 211 3332 quir,
223 3270 287 3334 qnod
299 3269 408 3316 divinum
418 3269 445 3316 in
456 3267 612 3331 generatione
621 3274 647 3315 et
655 3265 720 3331 qood
730 3268 831 3316 mortale
841 3275 885 3322 ert,
898 3267 1038 3331 inapererit,
1050 3267 1132 3330 quain
1140 3283 1167 3315 re
1177 3268 1257 3330 piataa

147 3363 206 3414 erga
226 3349 295 3398 Deua
315 3357 340 3396 et
359 3361 429 3396 retur
447 3361 561 3396 numeror
579 3352 752 3410 oognoacctu13
772 3345 846 3412 [918]
864 3347 884 3395 ir
905 3348 1013 3412 proiecto
1035 3347 1141 3396 inveniet
1160 3347 1257 3398 nullutn

147 3439 237 3486 mrem,
247 3437 342 3494 quanto
354 3429 448 3478 uirtutis
458 3443 530 3478 cauea
540 3428 610 3477 nobie
617 3443 728 3477 numeror
737 3429 778 3486 uit,
790 3428 810 3476 ri
820 3427 893 3477 ruodo
903 3429 1028 3476 unireraur
1035 3427 1139 3486 affuerit,
1149 3443 1257 3493 compre·

148 3509 255 3558 bendere
273 3525 354 3574 ponae.
372 3525 426 3558 narn
449 3516 474 3558 et
492 3517 544 3558 tnta
561 3509 653 3557 muric'a
672 3515 750 3556 mutue
769 3515 795 3556 et
811 3523 897 3557 vocum
917 3523 1015 3556 numero
1030 3507 1131 3572 indiget.
1148 3515 1173 3556 ct
1185 3507 1269 3588 ‘quud‘

147 3591 278 3639 maximum
289 3599 335 3648 eat,
346 3592 460 3640 bonorum
471 3591 569 3655 quidem
578 3589 693 3646 omniurn,
706 3589 762 3638 mali
773 3603 828 3638 vero
843 3589 933 3638 nullior
949 3603 1044 3638 auram
1061 3603 1115 3637 eaaa
1131 3603 1255 3636 numerum

147 3671 205 3720 hinc
220 3670 293 3719 facile
308 3684 452 3736 cognoscere
470 3685 605 3736 poarnmua,
622 3669 688 3736 qnod
697 3671 841 3719 irrationalia
847 3679 874 3719 'et
883 3669 1025 3726 inordinata,
1039 3668 1161 3725 deformia,
1172 3669 1256 3733 inepta

147 3749 342 3816 inconcinnaque
361 3753 468 3818 agitatio,
491 3751 572 3802 omnia
590 3752 702 3816 deniqne,
720 3751 746 3800 in
768 3752 854 3817 quibua
877 3753 933 3800 mali
953 3751 1079 3816 quippiam
1096 3750 1169 3808 ineat,
1190 3749 1256 3798 omni

147 3846 248 3880 numero
265 3839 357 3883 carent.
373 3835 438 3899 quod
450 3847 516 3891 rara,
534 3833 576 3898 qui
595 3832 680 3882 beatur
692 3831 790 3882 tandem
800 3831 1122 3896 inturuaeat‚ignorarenon
1133 3829 1215 3880 debet.
1231 3839 1257 3880 et

146 3914 189 3978 qui
197 3911 298 3976 justum,
305 3913 404 3978 bonum,
411 3916 538 3964 benenom
544 3922 671 3979 ceteraque
677 3913 809 3979 bujuamodi
816 3913 970 3978 ignoraverit,
977 3927 1024 3961 nec
1030 3927 1110 3960 reram
1117 3912 1254 3976 opinionem

149 3991 182 4041 da
201 3995 240 4042 lria
261 3995 389 4060 acceperit,
401 3996 432 4043 ad
445 4011 471 4044 ac
481 3996 560 4060 iprum
572 4003 600 4044 et
609 3996 670 4044 alioa
678 3994 858 4060 ponnudeodoa
867 3993 958 4042 numeri
968 3992 1115 4058 rationiaqoe
1126 3993 1150 4041 vl
1158 3993 1195 4041 uti
1205 4009 1255 4041 non

147 4073 244 4139 poterit.
270 4075 314 4123 red
340 4075 517 4125 concideremua
536 4076 603 4140 iam,
631 4075 751 4141 quomodo
773 4089 872 4124 numero
891 4075 928 4123 uti
952 4071 1087 4122 didicimur.
1115 4076 1168 4138 age,
1189 4075 1254 4124 unde

146 4169 220 4204 nuum
229 4162 255 4203 et
265 4154 314 4204 duo
324 4155 493 4222 pereepimuai
508 4157 607 4206 utillud
619 4156 867 4212 animadverterentur,
886 4154 917 4204 ad
932 4153 999 4219 quod
1015 4151 1209 4218 cognoscendum
1224 4155 1255 4203 ab

144 4237 258 4286 unirerao
278 4243 388 4286 natrrram
407 4237 503 4302 vimque
524 4239 671 4303 accepimus.
697 4237 804 4301 prolecto
836 4251 892 4285 cunr
912 4235 996 4284 multia
1013 4235 1152 4284 monalium
1171 4243 1255 4283 natura

144 4316 279 4383 negaverit,
300 4333 332 4366 ne
353 4333 368 4366 a
388 4325 456 4382 pane
474 4326 564 4382 queant
584 4333 653 4367 neunt
673 4317 765 4366 numeri
782 4317 888 4373 diacare,
909 4315 978 4366 nobie
1002 4316 1029 4365 id
1047 4315 1149 4380 primurn
1167 4313 1256 4363 indidit

147 4397 226 4472 Dour,
244 4405 272 4447 ut
287 4399 409 4464 poan'roua
423 4399 449 4447 in
459 4413 504 4456 eo,
522 4397 588 4464 qood
605 4397 748 4454 oaoenditur,
767 4413 893 4448 numerum
908 4397 1052 4462 intelligere.
1068 4395 1156 4444 deiude
1173 4401 1253 4446 oeten·

148 4479 185 4530 dit
195 4479 309 4548 apertiua,
319 4479 432 4547 idemque
443 4479 537 4531 arridue
548 4481 619 4532 facite
629 4479 655 4531 in
666 4491 715 4546 qua
723 4479 884 4546 explieatiuna
896 4491 976 4530 rerum*
983 4477 1044 4528 nibil
1055 4477 1128 4531 atiud.
1143 4476 1163 4526 ri
1178 4489 1252 4526 unurn
