3160 5314
344 511 399 570 112
648 499 656 516 ‘
780 503 976 566 Puerorus
1165 567 1170 574 ,
1358 511 1433 590 [sm

339 678 488 729 rerumquee
504 661 603 726 rnejoree
619 661 735 728 eppellee,
746 675 892 725 nequaquem
911 661 1024 726 intelligo.
1055 661 1096 712 80.
1114 662 1180 722 Quee
1199 663 1320 714 Hoeiudue
1339 674 1365 714 et
1382 661 1437 714 tto·

341 761 417 796 meme
428 741 556 808 reliquique
567 743 646 806 polite
658 743 807 806 ecrlpeerunl.
823 742 847 790 iri
867 757 965 806 nemque
981 743 1114 792 homiuibus
1124 743 1194 794 ieleee
1212 745 1304 795 lebuine
1316 745 1438 802 effinxere,

339 842 393 890 qore
404 825 511 889 quotidie
522 824 721 874 circumferuntur.
756 821 818 874 Aur.
835 823 899 881 Quer
915 823 1002 872 lebulee
1013 823 1089 874 dieie?
1107 825 1194 889 quidve
1206 826 1229 874 in
1247 826 1306 892 ipeie
1317 826 1433 874 demnee?

340 907 384 956 80.
401 906 473 964 Quod
484 913 509 954 et
519 906 594 970 primo
608 913 634 954 et
651 903 751 954 merime
769 904 874 954 demneri
891 913 989 968 oportet.
1001 903 1124 969 presertim
1144 923 1196 956 corn
1216 907 1302 974 eliquie
1312 923 1362 958 000
1374 909 1438 958 bene

340 987 461 1050 mentitur.
492 985 555 1034 Ant.
572 986 638 1044 Quid
656 985 738 1034 ietud?
771 985 814 1034 80.
829 985 932 1043 Qoeodo
945 985 996 1050 qoie
1007 987 1082 1036 rerbie
1099 986 1159 1036 rnele
1169 987 1247 1053 tingit,
1257 988 1341 1054 qunlee
1357 988 1400 1036 Dii
1411 997 1439 1037 et

230 1077 235 1086 '
341 1067 426 1118 heroiie
443 1066 506 1115 eintz
525 1065 597 1128 inetqr
616 1067 712 1131 pictorie
729 1067 795 1114 nulle
813 1082 841 1114 ee
860 1073 925 1130 perte
942 1067 1023 1116 eimilie
1041 1067 1160 1132 figurentie
1179 1069 1209 1116 ed
1228 1084 1266 1125 ee,
1276 1084 1332 1134 que)
1350 1069 1438 1124 imiteti

341 1155 446 1198 conetur.
478 1147 540 1198 Aur.
556 1148 632 1212 Atqui
649 1147 704 1196 telle
716 1147 798 1196 merito
814 1147 980 1210 vituperentur.
995 1163 1071 1196 rerum
1090 1148 1210 1212 quomodo
1224 1148 1327 1198 dicimur
1337 1157 1363 1200 et
1380 1165 1437 1215 quen

340 1229 404 1292 epud
416 1245 457 1278 eoe
467 1230 523 1277 teiie
534 1227 678 1293 reperimur?
710 1228 761 1280 Sor
770 1227 875 1279 Reiorum
892 1227 984 1292 quidem
994 1235 1018 1276 et
1029 1227 1150 1276 roeeimum
1161 1235 1186 1276 et
1201 1228 1233 1276 de
1244 1229 1351 1278 menimis
1366 1231 1437 1278 rebem

340 1310 497 1366 urendecium.
514 1311 579 1374 quod
597 1325 645 1358 noo
664 1311 736 1374 probe
755 1310 866 1358 mentitur
882 1316 919 1356 eet
935 1307 1058 1367 Horonon,
1076 1309 1171 1371 quendo
1189 1316 1257 1371 geete
1274 1309 1316 1358 ille
1335 1326 1351 1358 e
1366 1299 1442 1360 Coto

339 1391 416 1454 fingit,
427 1391 541 1455 edditque
550 1391 748 1455 quenadmodum
759 1389 873 1438 Setnrnue
883 1404 936 1436 eom
948 1387 1054 1450 punirit;
1071 1386 1144 1453 [trs]
1156 1403 1240 1452 quere
1257 1389 1307 1454 egit
1317 1390 1436 1439 Seturoue

339 1470 632 1534 eodemqueanno
643 1485 767 1535 perperene
776 1477 821 1520 eet.
849 1469 910 1526 Quee
921 1469 1014 1533 quidem
1025 1469 1067 1516 etei
1078 1485 1130 1518 rere
1140 1475 1227 1527 eeeent,
1237 1485 1285 1518 uon
1296 1478 1376 1519 temen
1387 1487 1437 1534 pu-

339 1561 412 1600 terem
423 1559 470 1598 tero
479 1559 559 1614 eperte
567 1552 597 1600 ed
607 1551 714 1600 nominee
723 1551 807 1598 mentie
816 1550 899 1614 inopee
907 1549 1112 1613 edoleecerrterque
1120 1549 1269 1612 proterende‚
1276 1551 1318 1598 red
1331 1553 1437 1600 teeeude

339 1632 427 1696 potine.
443 1631 479 1679 ein
490 1639 568 1680 eutem
579 1632 705 1682 neceeritee
712 1639 774 1680 eeeet
782 1630 903 1694 loquendi.
912 1631 937 1678 in
948 1629 1037 1678 moenie
1046 1629 1163 1678 eudieode
1174 1630 1266 1693 peucie,
1274 1646 1323 1680 000
1335 1647 1435 1696 pureum

339 1711 532 1774 eecrificeotibor‚
542 1713 582 1760 eed
603 1713 728 1776 pretioeenr
745 1712 863 1776 quendem
882 1727 1001 1775 roremque
1018 1711 1144 1766 victimetu,
1155 1719 1180 1758 ut
1197 1725 1268 1774 quem
1280 1712 1436 1776 peucieeioeoe

338 1791 420 1840 eudire
430 1793 559 1857 continget.
592 1795 655 1842 Aor-
671 1793 782 1842 Profecto
799 1794 851 1842 duri
869 1801 924 1841 eunt
940 1792 963 1840 hi
980 1807 1104 1842 eerroorree.
1137 1791 1180 1840 So·
1196 1790 1283 1856 Neque
1301 1792 1408 1850 dicendi,
1418 1809 1434 1842 0

338 1871 475 1931 Adimeute‚
485 1874 511 1922 in
527 1873 622 1924 oiritete
633 1881 720 1936 noqtre.
737 1889 815 1938 neque
830 1875 956 1924 dicendum
969 1872 1054 1936 juveni
1069 1872 1185 1930 eudienti,
1196 1874 1270 1937 quod.
1282 1873 1324 1938 qui
1333 1871 1433 1938 iniquie-

238 1993 247 2012 ,
338 1953 396 2002 rime
413 1954 515 2010 iocinore
533 1963 662 2020 perpetret,
678 1953 736 2004 nihil
756 1956 838 2004 mirum
853 1953 999 2004 committetr
1015 1961 1057 2002 eut
1073 1952 1114 2016 qui
1126 1961 1263 2016 peccantem
1275 1961 1365 2018 petrem
1376 1969 1434 2018 eup-

337 2033 411 2097 plicio
430 2035 510 2092 efficit,
531 2051 579 2083 non
598 2035 697 2084 multum
717 2035 895 2098 prerericetur:
925 2033 995 2081 immo
1016 2031 1095 2088 ructet.
1115 2031 1180 2096 quod
1201 2031 1269 2096 primi
1291 2033 1434 2098 meximique

336 2113 441 2162 Deomrn
460 2115 572 2166 efficiunt.
605 2116 669 2164 Aur.
685 2115 743 2164 Non
762 2130 804 2179 per
820 2114 923 2175 Jorenr;
941 2129 995 2162 nern
1014 2127 1091 2176 neque
1109 2111 1167 2162 mihi
1178 2113 1272 2178 quidem
1291 2113 1363 2176 digne
1379 2114 1432 2162 lree

336 2195 454 2258 ridentur,
464 2211 519 2260 qun
534 2196 652 2244 dicentur.
667 2212 746 2262 neque
762 2196 869 2260 omnino,
880 2197 944 2260 quod
963 2211 1017 2246 cum
1034 2193 1088 2242 Diir
1105 2193 1147 2242 Dii
1169 2194 1253 2242 bellurn
1271 2194 1431 2258 00000,ἱοοἰ-

336 2276 430 2324 dientur
439 2284 465 2324 et
475 2286 591 2342 pugnent.
607 2293 684 2342 neque
700 2277 763 2327 eninr
778 2293 851 2326 rere:
868 2277 982 2341 eiquidern
994 2282 1087 2340 oportet
1096 2275 1184 2322 iuturoe
1200 2274 1264 2338 epud
1275 2273 1433 2323 noeeiritetie

336 2359 446 2406 cuetodet
464 2365 531 2422 torpe
550 2365 632 2421 putere
653 2359 714 2408 iuter
730 2375 756 2407 ee
774 2359 875 2408 invicem
893 2357 1015 2406 dieeidere.
1032 2371 1102 2419 quere
1120 2371 1164 2404 nee
1181 2355 1230 2402 ullo
1247 2361 1317 2418 pecto
1334 2369 1432 2402 uerren-

335 2435 392 2484 dum
411 2437 457 2484 illis
476 2439 597 2500 gigunturu
614 2439 712 2498 bellom,
723 2438 833 2504 proeliere
851 2439 966 2504 permulte
982 2436 1086 2486 Deorum
1105 2447 1130 2485 et
1147 2438 1243 2485 heroum
1257 2436 1365 2500 coquetis
1382 2436 1432 2484 euie
1454 2441 1457 2446 '

336 2515 493 2578 proxiruieque
502 2516 607 2568 indicte:
623 2520 707 2577 eed,ei
727 2535 774 2583 quo
794 2528 865 2584 pecto
885 2517 1015 2584 pereurruri
1034 2533 1113 2566 eumue
1132 2517 1222 2566 nullum
1242 2533 1343 2582 umquem
1354 2517 1431 2568 cirene

336 2593 381 2644 oiri
392 2596 537 2644 edrereetum
548 2613 607 2654 eece,
618 2614 695 2664 neque
706 2616 757 2650 eree
772 2602 817 2650 lroe
828 2607 944 2662 eructum,
954 2599 1010 2648 telie
1020 2599 1128 2664 quedem
1139 2597 1219 2663 potior
1230 2607 1256 2648 et
1266 2597 1343 2662 puerie
1352 2598 1431 2646 etetirn

336 2683 362 2724 et
371 2677 559 2726 eduleeceutibue
577 2694 592 2726 e
610 2681 740 2728 reniorilrue
751 2679 897 2744 eniculirque
908 2679 1023 2728 nerrcnde
1032 2687 1097 2738 eunt,
1106 2679 1255 2743 cogendique
1274 2679 1351 2744 podter
1362 2687 1388 2726 ut
1397 2678 1430 2726 ed

335 2757 387 2806 lraec
398 2756 487 2806 iebuler
506 2774 559 2808 enee
574 2760 684 2824 dirigent.
701 2762 796 2809 rineule
814 2769 892 2812 eutem
912 2759 1003 2812 Jurroui
1021 2775 1036 2806 e
1055 2759 1104 2808 lilio
1121 2760 1203 2816 mdiu,
1215 2760 1432 2824 projectionemque

335 2838 437 2888 Vuleeoi
456 2855 471 2886 e
489 2847 564 2904 petre,
573 2857 626 2890 curu
647 2842 686 2890 ille
707 2843 775 2890 metri
793 2843 919 2892 retberete
939 2842 1062 2890 eubrenire
1073 2841 1152 2898 vellet,
1162 2849 1205 2888 eut
1216 2841 1319 2890 Deorum
1331 2855 1432 2904 pugnet,

279 2977 286 3002 Ι
335 2927 487 2984 quotcunque
506 2921 623 2970 Homerue
642 2923 742 2986 ecripeit,
763 2924 858 2973 rnioime
877 2922 900 2970 in
923 2921 1040 2972 eiritetem
1057 2922 1160 2984 recipere
1179 2923 1301 2978 debemur,
1318 2922 1367 2970 rire
1388 2937 1431 2984 per

335 2999 469 3062 allegoriam
481 3000 546 3049 dicte
556 3002 606 3049 lrec
617 3003 672 3059 eint,
683 3003 732 3052 rire
749 3005 799 3052 eine
810 3003 929 3066 elleqorie.
946 3019 993 3050 oon
1011 3003 1073 3051 enirn
1084 3001 1220 3050 edoleecene
1231 3002 1280 3048 hec
1291 3002 1431 3064 diguoecete

335 3071 431 3144 putere}
448 3081 488 3128 ecd
500 3097 553 3145 que
565 3079 629 3138 inee
640 3091 709 3132 etete
718 3084 869 3152 opinionibus
879 3083 1034 3146 eeeipiuntur,
1045 3082 1112 3129 eitius
1123 3081 1233 3130 inhorrere
1244 3082 1431 3146 difficillimeque

335 3161 448 3209 erediueri
465 3170 644 3214 concurrerunt.
677 3165 782 3230 Quorum
803 3165 861 3212 torte
882 3165 955 3227 gretie
977 3164 1056 3211 dende
1076 3161 1170 3210 omniuo
1188 3170 1224 3210 eet
1243 3177 1322 3226 opere,
1342 3169 1369 3208 ut
1389 3163 1429 3210 lter

334 3239 505 3306 0001100ιο
523 3243 606 3306 primee
625 3245 732 3301 eutlient,
743 3243 832 3307 uptiure
848 3244 960 3292 iuetituter
978 3244 1008 3290 ed
1028 3243 1133 3292 virtutem
1153 3241 1208 3289 eint.
1240 3240 1301 3292 Ant.
1319 3239 1375 3290 Non
1391 3249 1430 3288 eet

334 3321 440 3384 procule
451 3323 549 3381 ratione,
560 3325 624 3388 quod
645 3325 713 3374 dicie.
730 3341 810 3372 rerum
828 3324 847 3372 ei
864 3323 916 3388 quir
935 3324 1067 3387 interroget,
1079 3323 1116 3370 he
1135 3337 1188 3385 qute
1199 3321 1246 3370 eint
1262 3330 1286 3370 et
1296 3321 1432 3386 eujuemodi

334 3401 428 3464 tetulo,
439 3403 551 3466 quiduurrr
563 3405 686 3454 dicemur?
714 3405 757 3452 80.
774 3404 796 3452 Ο
810 3403 946 3466 Adinrente,
956 3403 1034 3467 poete
1045 3403 1140 3467 quidem
1152 3419 1194 3450 noe
1206 3401 1279 3468 [879]
1292 3403 1316 3450 iu
1328 3417 1430 3468 prteeerr-

334 3482 366 3528 tie
377 3497 453 3546 neque
472 3499 517 3546 ego
537 3499 614 3548 neque
631 3493 656 3532 tu
674 3497 761 3542 eumue,
771 3485 813 3532 eed
831 3485 932 3533 eivitetie
947 3485 1100 3534 institutorem
1117 3485 1247 3532 hoeeuteur
1258 3499 1325 3532 uoeee
1336 3491 1433 3546 oportet

335 3561 428 3624 figuret,
437 3564 462 3611 in
473 3565 558 3628 quibue
567 3565 654 3628 lingere
666 3565 744 3628 poiittn
755 3564 845 3614 lebuine
856 3565 959 3614 debeent
970 3583 976 3612 ι
993 3580 1052 3629 qoee
1062 3565 1080 3614 ei
1092 3565 1240 3621 emeruerint,
1250 3564 1335 3612 iebulre
1346 3562 1433 3626 hujuc-

335 3642 400 3690 modi
411 3644 563 3698 edmitteudto
574 3661 622 3694 nort
641 3653 696 3694 eunt
708 3663 714 3692 e
732 3661 809 3709 neque
821 3655 899 3694 temen
919 3647 950 3694 ed
960 3645 1062 3694 ciritetie
1071 3643 1217 3695 iuetitutoree
1228 3645 1329 3710 pertinet
1337 3645 1432 3693 fabuler

334 3720 438 3786 lingere.»
462 3724 526 3774 Ant.
543 3724 619 3776 Recte
635 3725 744 3789 loquerie.
761 3727 802 3774 eed
821 3729 866 3776 hoo
877 3726 934 3774 milti
945 3726 1047 3782 declere,
1057 3725 1139 3788 quelee
1156 3725 1277 3775 ietrecirce
1288 3725 1432 3790 theologiem

334 3799 431 3864 figure?
464 3804 506 3854 80.
521 3805 591 3854 Telee
601 3807 726 3870 quedem:
744 3807 820 3870 quelie
836 3807 887 3870 ipee
905 3807 971 3855 Deue
987 3815 1033 3863 eet,
1045 3806 1097 3854 teliu
1108 3821 1199 3869 eenrper
1209 3813 1244 3854 ert
1254 3805 1432 3862 describendum

334 3879 383 3928 eire
401 3883 541 3934 cerminibue
559 3887 702 3936 dereribetur
719 3888 768 3936 eive
787 3888 896 3937 centibus
914 3887 963 3936 rire
975 3887 1051 3936 'etiem
1063 3887 1184 3950 tregoedie.
1216 3885 1432 3938 Ao1.1udeeet.

335 3957 377 4008 So.
394 3958 480 4010 Nonne
491 3965 566 4012 bonue
582 3975 607 4014 et
622 3967 673 4030 ipee
690 3965 758 4016 Deue
774 3975 811 4015 eet
825 3975 851 4014 et
866 3967 899 4016 ite
908 3967 1054 4016 dicendum?
1087 3966 1149 4016 Ant.
1167 3966 1252 4016 Procul
1272 3967 1355 4016 dubio·
1387 3968 1431 4018 so.

337 4037 411 4102 Atqui
423 4041 512 4090 nullum
524 4045 610 4094 bonum
621 4047 716 4096 noxium
727 4057 771 4098 eet.
802 4047 864 4098 Aut.
876 4047 984 4106 Nullum,
995 4057 1022 4094 ut
1031 4047 1137 4096 erbitror.
1168 4047 1211 4096 80.
1224 4047 1296 4104 Quod
1308 4047 1431 4096 innoxium

335 4125 379 4176 eet,
391 4123 498 4183 nunquid
516 4128 604 4174 nocet?
626 4125 700 4178 'Anu
717 4129 883 4194 Nequeqoero.
916 4129 959 4178 80.
976 4129 1049 4186 Quod
1068 4143 1115 4175 000
1135 4135 1214 4184 uocet,
1225 4127 1332 4192 nunquid
1344 4129 1431 4176 melum

332 4196 409 4246 lecit?
443 4199 507 4248 Aur.
523 4202 608 4267 Neque
619 4206 680 4256 ietud
696 4210 801 4274 quidem.
833 4211 876 4260 So.
892 4209 963 4267 Quod
975 4217 1054 4256 eutem
1066 4207 1124 4256 niiril
1135 4209 1190 4258 meli
1201 4208 1266 4265 lecit,
1277 4209 1365 4258 nullius
1375 4209 1433 4258 meli
1502 4211 1510 4224 ⁸

333 4286 370 4328 eet
390 4281 479 4328 muse?
522 4281 584 4330 Aut.
601 4284 702 4338 Nulliue.
735 4290 774 4338 80.
795 4289 864 4347 itero,
887 4305 965 4338 nonne
986 4289 1138 4338 conducibile
1159 4290 1246 4337 bonum
1267 4290 1323 4338 eet?
1366 4290 1432 4341 Aoi.

334 4360 440 4410 Proreus.
473 4361 514 4410 80.
537 4362 598 4426 Ergo
618 4357 676 4416 liene
697 4368 842 4433 feliciterque
862 4371 948 4435 egendi
967 4363 1038 4418 eeiree
1059 4377 1104 4418 ert.
1137 4369 1200 4418 Ant.
1223 4369 1275 4418 Eet.
1307 4370 1350 4420 80.
1372 4370 1432 4420 Nou
1455 4405 1457 4410 ,

333 4442 405 4506 igitur
423 4441 527 4490 omnium
546 4459 617 4492 ceuee
633 4446 720 4496 bonum
737 4459 782 4514 eet,
794 4452 835 4500 eed
853 4461 1006 4514 eorumque
1025 4451 1085 4498 bene
1096 4465 1121 4500 ee
1138 4451 1234 4508 hebent,
1245 4466 1334 4510 ceum
1349 4467 1431 4500 eorum

336 4539 462 4588 'umqum
474 4523 541 4582 tntle.
554 4539 709 4588 nequequam.
743 4532 803 4580 Ant.
819 4531 858 4580 Sic
877 4540 913 4579 eet
929 4530 1032 4580 omniuo.
1065 4531 1108 4579 So.
1125 4529 1181 4578 Non
1201 4531 1271 4594 igitur
1288 4531 1365 4593 Deire,
1375 4547 1430 4580 curu
