3102 5312
118 474 259 552 ror]¹
461 465 517 535 ou
539 470 712 536 uncinos
737 467 811 536 uu,
834 467 872 534 x.
1106 469 1205 537 xmr

119 626 293 691 quenmrstio
303 629 357 678 est?
375 625 449 696 [806]
465 635 523 680 rium
533 630 647 679 habemus
657 629 852 680 diumrstionem
861 633 947 694 pretor
963 625 1024 690 enm,
1042 645 1113 696 quum
1132 631 1205 681 modo

119 706 237 768 &simun
253 709 317 774 quod
337 711 390 775 ipss
408 711 483 776 ponit
503 726 529 759 re
549 711 625 776 ipsein
642 709 755 758 morere?
789 709 846 760 Cur.
863 708 887 758 A
906 711 994 776 seipso
1015 713 1102 762 moveri
1121 712 1206 762 essens

120 789 236 838 rationem
245 805 299 840 esse
310 792 373 840 illius
383 791 527 848 subeuntis,
535 805 607 856 quom
616 791 803 866 nomipeomnes
812 791 914 839 sninrsm
923 793 1084 857 appellemus?
1101 792 1204 843 Aoum

120 868 209 918 Assoro
219 871 340 937 equidem.
356 871 422 935 qood
432 871 453 919 ι’
462 872 496 920 its
506 879 551 926 est,
561 887 593 919 sn
602 869 679 918 sdhuo
696 869 859 919 desideramus
875 871 1028 920 sufficientius
1044 873 1206 929 demonstrem,

119 949 184 998 idem
191 965 244 1000 esse
252 952 352 1000 animem
362 959 387 1000 et
394 952 493 1016 primum
504 951 680 1014 gsnerstiooem
690 965 719 998 sc
729 959 817 1000 motum
825 965 970 1016 rerumque
976 962 1037 1009 suot,
1046 955 1206 1018 consuerunt,

118 1045 217 1094 qursque
228 1031 313 1080 iuturus
324 1041 387 1095 suut,
398 1031 548 1096 omniumque
556 1047 634 1080 rursus
644 1031 697 1079 istis
715 1032 900 1080 canoniorum?
921 1033 1113 1098 quondoquidem
1132 1043 1207 1084 nene

119 1111 258 1160 mutationis
271 1121 396 1177 motusque
417 1112 495 1161 omnis
509 1111 617 1160 omnibus
634 1114 704 1159 osus'n
719 1127 770 1160 esec
787 1110 903 1175 sppsruitr
937 1111 995 1161 Cur.
1019 1113 1129 1162 Minime.
1152 1130 1206 1162 unm

117 1191 315 1242 sufficientissime
333 1202 486 1245 monstratum
505 1199 550 1248 est,
572 1193 672 1240 snimrm
690 1185 798 1240 omnibus
808 1191 965 1256 antiquiorem
985 1208 1045 1250 esse,
1066 1209 1121 1242 cum
1131 1203 1208 1243 memo

119 1273 262 1337 principium
272 1275 311 1324 sit.
343 1275 448 1324 Aruns.
464 1273 551 1322 Nonne
561 1273 633 1336 igitur
643 1281 727 1329 motus,
739 1275 779 1338 qui
789 1274 819 1322 sb
834 1273 883 1322 elio
897 1274 923 1320 in
941 1274 989 1322 slio
1005 1275 1039 1330 tit,
1060 1291 1137 1339 quove
1149 1276 1207 1323 nihii

118 1369 224 1418 uuquam
235 1370 261 1402 se
272 1356 352 1418 ipsum
363 1361 450 1410 movet,
457 1354 574 1403 secundus
582 1361 627 1410 est.
637 1361 663 1402 et
680 1362 751 1418 quoto
767 1354 821 1418 quis
839 1355 896 1402 velit
905 1367 1056 1403 numeromm
1073 1357 1209 1412 intervallo,

117 1435 235 1498 superiori
246 1437 320 1484 motui
330 1433 524 1500 postponendus?
540 1434 656 1498 siquidem
663 1435 768 1498 corporis
777 1449 832 1483 vere
842 1435 966 1484 innuimeti
975 1437 1074 1484 mutatio
1084 1445 1129 1484 est.
1149 1437 1208 1486 Cur.

118 1515 208 1564 Probe.
241 1515 345 1564 Arnus.
368 1515 445 1564 Recte
465 1515 536 1579 igitur
557 1523 581 1564 et
602 1516 704 1580 proprie,
724 1530 826 1580 vereque
849 1523 874 1564 et
894 1516 1000 1565 obsolute
1021 1517 1123 1566 diximus
1144 1518 1209 1582 prius

116 1611 219 1660 corpore
230 1597 333 1644 snimern
342 1596 428 1646 fectum
439 1596 520 1653 fuisse,
531 1611 615 1660 corpus
626 1609 679 1644 vero
689 1597 803 1659 posterius
812 1595 884 1661 'utque
895 1597 1008 1654 secundo,
1023 1598 1107 1646 suimus
1126 1613 1211 1647 secun·

118 1675 177 1724 dum
188 1685 298 1724 nuturnm
308 1676 438 1726 dominanti
449 1677 587 1742 subjectum.
604 1675 798 1726 cmvemums
812 1677 864 1726 haec
880 1685 942 1725 suot.
969 1677 1073 1728 Arnum.
1089 1677 1211 1728 Records·

117 1772 172 1804 mur
182 1771 227 1804 nor
233 1757 258 1804 in
268 1757 426 1820 superioribus
434 1759 585 1816 concessisse,
594 1758 740 1822 sisntiquior
747 1772 843 1822 corpore
851 1759 930 1806 snimn
935 1759 1073 1817 declaretur,
1082 1753 1213 1816 iiis'etiem,

117 1853 174 1901 qun
186 1836 272 1884 mmo
282 1846 427 1902 competunt,
439 1837 476 1894 iis,
486 1853 539 1902 qun
550 1839 655 1902 corporis
663 1838 757 1902 proprie
767 1847 830 1896 sunt,
840 1839 917 1904 priore
927 1853 978 1889 esee
994 1839 1062 1888 simul
1079 1839 1213 1890 decirreri?

119 1918 181 1967 cm.
198 1917 315 1966 Msxime.
347 1919 449 1968 Arnus.
468 1917 578 1968 Affectus
587 1934 652 1983 ergo,
663 1935 747 1976 mores,
757 1921 899 1977 soluntstes,
910 1921 1072 1985 cogitationes,
1082 1937 1144 1970 veru
1160 1923 1212 1986 opi·

118 1999 217 2054 nioues,
232 2013 303 2055 curu,
314 2001 438 2054 memorio.
449 2001 530 2048 omnis
537 2000 587 2048 haec
598 2001 746 2064 longitudine
757 2017 887 2066 corporum,
899 2002 1032 2060 latitudine,
1043 1995 1214 2068 profunditate,

120 2079 438 2143 robore,priusinctnsuntr
451 2080 747 2144 eimtetenimncorpore.
780 2081 952 2132 Cur.Neoesse
963 2091 1008 2132 est.
1034 2083 1137 2133 Arnus.
1149 2083 1215 2132 Num

111 2161 199 2209 „adnm
211 2159 339 2208 concedere
349 2161 463 2224 cogimur,
475 2162 587 2208 bonorum
597 2170 621 2210 ct
631 2161 751 2218 rusiorum,
762 2163 914 2211 honestorum
924 2172 949 2211 et
968 2165 1080 2228 turpium,
1096 2165 1215 2230 justorum

120 2248 148 2288 et
158 2241 310 2306 injustorum,
318 2251 496 2305 ceterorumque
504 2241 672 2290 contrariorum
680 2255 777 2290 ceusem
784 2243 853 2290 esse?
874 2244 998 2307 siquidem
1007 2245 1215 2294 consumomnium

119 2321 346 2385 ipssmeeecrimns.
379 2319 438 2372 Cur.
455 2323 578 2372 Curnon?
611 2321 714 2371 Aruns.
731 2321 842 2370 Animum
858 2333 944 2371 cuncto
962 2325 1131 2388 gubernantem
1149 2333 1173 2374 st
1190 2327 1217 2374 iu

121 2401 248 2456 omnibns,
258 2416 309 2463 qus
319 2409 450 2457 moventur,
460 2403 614 2456 imitantem,
624 2415 703 2448 nonne
714 2408 738 2448 et
749 2402 832 2450 coelum
849 2403 977 2466 gubernare
993 2407 1126 2454 necessario
1143 2406 1219 2454 conii³

121 2480 247 2540 tebiruur?
281 2480 338 2531 Cu.
363 2482 474 2530 Omnino.
506 2481 610 2530 Aruns.
635 2480 715 2530 Unum
731 2481 804 2546 igitur
819 2498 850 2530 nn
869 2483 967 2547 plnres?
1000 2484 1082 2533 Plures
1100 2495 1172 2545 certe,
1192 2493 1219 2534 ut

121 2578 173 2626 ego
186 2577 229 2626 pro
238 2561 303 2610 vobis
317 2564 479 2626 respondeum.
512 2561 566 2614 Nec
584 2561 708 2627 psuciores
724 2578 795 2627 quem
812 2565 872 2612 dues
887 2579 975 2627 ponere
995 2565 1124 2614 debemusz
1146 2581 1219 2616 ouem

122 2643 416 2698 benetimmoutrsrism
427 2644 534 2692 alterum.
567 2643 624 2694 Cor.
640 2643 716 2691 Recte
732 2643 868 2691 admodum.
902 2643 1005 2694 Aruns.
1022 2645 1138 2696 Universa
1154 2663 1219 2711 ergo,

122 2739 183 2788 quae
199 2723 224 2770 in
236 2723 296 2772 coelo
306 2731 368 2779 runt,
379 2739 432 2787 que
443 2725 469 2772 in
478 2731 548 2779 torro,
560 2739 613 2788 qum
629 2724 654 2770 in
670 2723 737 2778 usuri,
754 2722 803 2770 suis
818 2725 921 2772 motibus
936 2726 1014 2774 enims
1032 2727 1112 2776 ducit:
1136 2729 1221 2793 quibus

122 2804 228 2854 nomine
236 2805 374 2862 suunvelie,
385 2805 542 2862 considerare,
554 2819 642 2859 curare,
654 2803 795 2859 consultore,
803 2801 875 2868 [⁸97]
884 2813 948 2853 recte
958 2813 983 2854 et
991 2822 1037 2855 uon
1045 2817 1112 2857 recte
1120 2810 1220 2874 opinrri,

120 2885 215 2941 ioetnri,
233 2883 321 2940 dolore.
342 2886 436 2944 audere,
459 2893 570 2942 memore,
588 2883 674 2941 odisse,
695 2884 815 2947 deligere5
837 2893 863 2932 ct
882 2887 966 2935 ceteris
988 2899 1099 2952 proteron
1117 2890 1220 2939 motibus

121 2965 248 3028 omnibus,
271 2966 313 3030 qui
331 2967 411 3016 horum
435 2967 516 3014 rffines
545 2965 658 3029 primique
677 2971 738 3020 sunt,
760 2965 801 3027 qui
819 2973 844 3012 et
860 2967 977 3016 secundos
999 2985 1123 3032 corporum
1142 2980 1221 3019 motus

123 3047 382 3110 smcipieoteuomnis
391 3047 417 3098 iu
429 3053 580 3112 augmentum
593 3047 814 3108 decrementumque
834 3047 976 3110 perducunt,
995 3051 1166 3097 concretionem
1183 3051 1220 3098 sci

123 3127 560 3185 condonationemetdiscrsrionem
572 3127 610 3174 rei
621 3127 879 3182 rmenctionometin
897 3142 933 3183 cs,
950 3141 1003 3190 qne
1021 3128 1066 3175 ists
1084 3135 1221 3193 sequuntur,

123 3208 275 3268 soliditates,
285 3209 436 3273 frigiditas,
446 3209 580 3273 gravitates,
588 3207 707 3263 levitates,
718 3205 813 3260 durum,
823 3207 902 3262 molle,
918 3207 1005 3263 cibum,
1024 3208 1124 3270 nigrum,
1144 3216 1222 3258 suste·

123 3307 191 3349 nrm,
201 3289 281 3347 dulce,
293 3305 412 3338 umorum:
432 3299 457 3338 et
465 3288 568 3352 denique
581 3287 698 3343 omnibus,
710 3287 794 3350 quibus
811 3286 890 3334 enimn
902 3303 951 3344 usa,
963 3287 983 3335 ei
1001 3289 1147 3338 intellectum
1164 3305 1224 3354 quo-

125 3386 180 3436 qne
192 3385 288 3436 semper
298 3369 404 3418 divinum
414 3369 540 3432 occeperit,
550 3375 615 3418 recto
623 3374 710 3415 cuncto
718 3366 765 3414 diis
772 3375 837 3414 recte
847 3366 973 3431 felicisque
981 3363 1091 3432 perducit
1105 3386 1111 3416 ι
1122 3371 1159 3418 siu
1169 3386 1225 3419 vero

125 3452 243 3500 ementis
252 3451 378 3516 conjunctu
386 3450 465 3507 suerit,
477 3451 554 3498 omnis
563 3449 600 3498 his
611 3448 727 3498 conmotis
734 3447 799 3496 iecit.
817 3446 931 3496 demum
942 3450 987 3497 ists
996 3449 1029 3497 sic
1040 3466 1066 3498 se
1074 3450 1174 3500 hebere?
1193 3467 1224 3500 sn

124 3532 213 3582 sdlruo
225 3531 435 3596 smbiguisumus?
460 3532 518 3581 Cur.
527 3531 600 3579 Nullo
611 3529 681 3578 modo
692 3528 839 3593 ambigimus·
872 3529 974 3578 Aruns.
982 3529 1067 3579 Utrum
1076 3531 1224 3595 crgonuimss

126 3629 222 3678 genus,
231 3612 324 3669 coelum,
334 3621 421 3661 terrem
428 3620 551 3676 totumque
568 3612 648 3660 orbem
659 3625 740 3674 regere
759 3609 904 3667 arbitremur,
916 3611 979 3674 quod
999 3619 1076 3660 mente
1091 3611 1226 3675 virtuteque

124 3694 250 3744 refertum
261 3694 316 3742 est?
334 3709 364 3742 sn
374 3693 438 3758 quod
452 3701 518 3743 curet
527 3693 649 3756 unisque?
667 3691 777 3748 vultisne,
789 3698 816 3739 ut
824 3691 858 3739 its
868 3693 1069 3756 respondeamus?
1101 3691 1159 3742 Cor.
1170 3693 1227 3750 Quo

124 3783 206 3841 pacto
216 3776 226 3822 ἓ
261 3775 363 3824 Aruns.
379 3777 418 3824 Its
426 3775 540 3832 dicemus.
549 3790 564 3822 o
573 3773 670 3822 mirifice
680 3773 724 3830 vir,
733 3775 753 3822 si
763 3773 886 3822 universus
896 3773 949 3821 coeli
955 3773 1066 3821 circuitus
1077 3781 1102 3820 et
1111 3774 1226 3830 omnium,

124 3873 189 3923 quss
201 3857 227 3905 in
239 3871 268 3904 so
280 3865 342 3912 sunt,
352 3857 485 3922 progressio
496 3855 580 3904 mentis
598 3855 672 3903 motui
687 3862 711 3903 et
729 3855 873 3903 circuistieni
892 3861 918 3902 et
934 3854 1019 3902 rationi
1034 3853 1137 3903 similem
1155 3855 1227 3904 hebet

124 3946 256 3995 usturam,
274 3944 300 3985 et
314 3938 385 3986 simiii
403 3939 506 4002 quedem
522 3938 612 3986 ratione
635 3935 770 4000 peropima
789 3943 881 3984 constat
899 3936 1011 4000 optimum
1032 3935 1132 3984 animem
1154 3936 1229 3984 totius

125 4017 224 4068 mundi
240 4017 324 4066 curem*
335 4018 421 4066 habere
432 4018 611 4068 concedendum
621 4033 681 4074 esse,
691 4019 755 4065 unde
767 4017 809 4065 tuli
826 4017 916 4065 ratione
934 4017 1135 4066 circumvolvatur.
1169 4016 1227 4066 Cur.

125 4099 228 4148 Recte.
261 4097 365 4148 Arnus.
380 4099 422 4148 Sin
439 4115 494 4148 vcro
511 4099 597 4148 furiose
625 4107 651 4147 ot
667 4099 718 4146 siue
734 4097 816 4146 ordine
833 4105 948 4156 movetur,
964 4099 1060 4148 molem.
1093 4099 1150 4150 Cur.
1166 4098 1226 4146 Huc

125 4193 234 4246 quoque
246 4186 318 4227 recte.
352 4179 454 4228 Arnus.
472 4181 549 4237 Quem
559 4180 629 4244 igitur
639 4179 725 4228 mentis
733 4187 810 4228 mutus
824 4187 931 4228 naturum
950 4179 1037 4228 habet?
1059 4182 1100 4228 sed
1118 4179 1148 4227 sd
1165 4179 1229 4226 hanc

125 4261 306 4324 questionem,
329 4277 344 4308 o
362 4261 441 4318 sinici,
457 4263 584 4324 prudenter
601 4263 740 4326 respondere
755 4261 851 4310 difficile
871 4269 915 4310 est.
931 4277 1002 4326 quere
1018 4275 1061 4324 pso
1078 4268 1123 4316 est,
1140 4265 1167 4306 nt
1182 4273 1229 4321 ego

125 4343 261 4394 vobiscum
281 4341 444 4406 respondeum.
477 4342 536 4392 Cur.
552 4343 756 4406 Probeloqueris.
788 4341 892 4392 Aruns·
909 4342 999 4391 Cerere
1009 4341 1088 4406 itsquc
1105 4339 1230 4392 debemus,

123 4441 162 4474 ne
174 4422 288 4488 queris:
303 4423 414 4489 opposito
430 4425 461 4472 ud
479 4425 554 4474 solem
569 4425 676 4474 conversi
693 4433 718 4473 ot
738 4424 763 4472 in
784 4423 883 4490 meridie
899 4431 993 4474 noctem
1012 4428 1110 4486 ugentes
1130 4417 1229 4481 perinde

124 4489 335 4570 responderunt,
357 4521 384 4558 rc
402 4505 424 4556 si
443 4506 581 4558 mortslibus
600 4505 674 4558 oculis
695 4519 764 4556 ruens
783 4505 925 4556 sufficienter
945 4501 1052 4567 conspici
1072 4498 1229 4564 cognoscique
