3160 5314
317 541 374 602 ros
758 531 977 594 rssronrsr
1339 535 1414 616 [sur

315 707 406 746 susums
425 691 507 742 reterre
529 695 628 755 possunt
647 703 661 737 s
684 685 737 736 Diis
758 685 883 742 beneficis,
903 685 990 734 ssuctis
1012 683 1065 734 siris
1084 685 1178 737 coiists.
1206 689 1271 752 quod
1292 705 1419 754 generosus

315 775 436 824 Hesiodus
447 773 610 835 Homerusqus
621 775 744 818 testsutur.
761 767 801 816 iiie
810 767 873 814 enim
881 765 953 830 justis
964 765 1031 814 Deos
1044 765 1121 816 iecere
1140 768 1259 831 perlubet,
1273 779 1299 820 ut
1318 787 1418 836 quercus

314 858 341 906 ιι
352 855 426 906 eunus
434 853 559 904 attius-ibus
565 840 766 914 gindesssrsstj
774 847 799 896 is
808 845 894 896 sredr'is
903 861 969 909 spes.
984 851 1009 896 ιι
1017 861 1072 896 oses
1083 849 1138 897 lmus
1148 857 1283 906 ιιιιιιιιιι.
1295 851 1416 918 multaque

314 934 578 1001 siisgeuerisejusderu
591 933 661 980 bons.
693 929 738 978 His
747 927 833 977 similis
844 927 902 976 dicit
912 927 1013 976 ιιιΙιιι.
1039 929 1317 989 Quemadmodum,
1329 931 1416 998 inquis,

311 1017 385 1081 probo
395 1017 457 1079 regi,
468 1015 554 1078 quique
562 1013 611 1064 Dsi
618 1011 705 1062 ιὲιιίιίι
711 1009 754 1066 ιιι,
766 1010 849 1058 b”insu
859 1009 965 1068 consent
975 1023 1056 1058 sosrrs
1065 1010 1147 1070 :seret
1159 1017 1224 1076 terro
1232 1011 1304 1075 nim
1310 1015 1418 1064 triticeos

315 1104 386 1161 utque
403 1098 524 1156 burdam,
540 1094 616 1158 pom
627 1095 759 1154 moretur
775 1087 879 1154 'arboren
891 1088 1005 1146 sressdae
1021 1091 1120 1152 pmcn
1135 1091 1212 1150 suciis
1228 1094 1336 1156 pariunt,
1352 1109 1418 1146 ms

314 1180 391 1244 μίιιι
401 1176 573 1226 subministret.
605 1171 712 1219 Museus
729 1169 787 1216 item
798 1175 869 1231 stque
880 1167 933 1231 ejus
944 1167 1005 1216 filius
1015 1169 1180 1218 excellentium
1192 1173 1262 1221 etism
1273 1175 1336 1222 bons
1347 1174 1419 1238 justis

315 1259 345 1308 sb
354 1257 411 1322 ipsis
422 1256 479 1304 Diis
490 1254 560 1302 tribui
572 1251 702 1300 voluerunt.
719 1249 783 1314 spnd
801 1248 889 1296 inieros
906 1247 971 1296 enim
986 1257 1093 1312 egentes,
1111 1250 1221 1316 ipsosque
1236 1251 1262 1301 in
1280 1263 1413 1304 ssnctonrnr

315 1335 594 1395 conviviiscotiocsutos,
604 1337 728 1381 coronstos
738 1329 829 1377 isciunt
840 1341 924 1392 rusgus
941 1343 1033 1392 semper
1051 1329 1075 1378 in
1092 1331 1213 1395 voluptstc
1233 1335 1309 1383 ebrius
1328 1337 1415 1393 sirerc,

315 1419 473 1468 existimantes
492 1415 671 1480 pulcherrimum
694 1410 785 1458 virtutis
806 1409 926 1474 premium
946 1417 1057 1458 retemsru
1083 1412 1229 1462 ebrietsteur.
1263 1415 1312 1472 Qui
1334 1423 1413 1466 sutenr

315 1500 422 1564 longiore
432 1499 468 1546 bis
479 1495 573 1561 premis
589 1511 605 1543 ι
620 1493 673 1541 Diis
692 1491 742 1540 dsri
758 1491 849 1545 sciunt,
870 1489 930 1538 filios
947 1489 1031 1539 dicunt
1048 1500 1200 1557 posterosque
1213 1492 1272 1558 justi
1290 1496 1414 1561 fidelisque

219 1618 222 1626 .
315 1580 359 1628 riri
371 1593 445 1644 genus
455 1593 523 1631 sumu
535 1591 577 1640 per
586 1573 665 1624 secula
677 1587 813 1637 pmpsgsre.
844 1569 890 1619 His
899 1579 923 1618 et
934 1569 1068 1635 hujusmodi
1076 1571 1194 1636 justitium
1204 1575 1316 1623 lsudsnt:
1335 1578 1414 1640 prote.

316 1676 361 1710 nos
372 1675 427 1708 soro
437 1667 508 1724 stque
519 1655 621 1720 injustos
630 1669 697 1703 coeno
707 1653 810 1717 quodsru
820 1652 885 1718 sputi
895 1650 982 1700 inferos
993 1654 1105 1710 obruunt,
1123 1662 1147 1702 et
1163 1669 1247 1718 squsm
1263 1657 1338 1706 cribro
1354 1657 1414 1706 terre

316 1747 414 1805 cogunt.
431 1737 536 1787 virentes
553 1736 623 1784 etism
644 1733 739 1782 iuisuris
756 1741 849 1782 uottnt.
866 1747 894 1781 sc
913 1731 1008 1780 demum
1027 1748 1175 1800 quecunque
1194 1737 1312 1802 supplicis
1332 1753 1413 1786 eorum

315 1822 424 1870 usmbst
431 1819 534 1879 Gisuco‚
544 1817 586 1880 qui
594 1815 653 1879 justi
664 1821 719 1864 suut
728 1819 753 1862 et
764 1813 872 1862 sidentur
883 1812 977 1878 injusti,
995 1815 1078 1863 esdem
1090 1815 1185 1882 iusuper
1196 1817 1336 1880 injustorum
1347 1833 1415 1866 euss-

212 1911 217 1918 “
313 1909 374 1957 rant,
386 1901 434 1949 siis
442 1915 497 1948 vero
507 1913 555 1946 nou
564 1897 661 1952 issbeut.
693 1895 836 1962 Lsu'sigitur
849 1901 875 1942 ct
893 1895 1034 1959 vituperetio
1052 1896 1086 1945 sic
1105 1906 1255 1960 utrorumque
1273 1915 1299 1948 ιι
1317 1901 1413 1950 bsbent.

314 1985 403 2033 Preter
413 1978 725 2043 becconsiders,Socrstes,
743 1975 812 2024 slism
828 1977 947 2041 qusudsnr
962 1977 994 2024 de
1004 1975 1099 2040 justitie
1115 1977 1285 2042 injustitisquss
1303 1980 1415 2028 orstionis

314 2062 427 2128 specium,
438 2069 463 2110 et
472 2060 580 2126 prirstim
591 2067 616 2107 et
626 2075 640 2106 s
649 2058 726 2123 po'e'ris
736 2058 866 2106 inductum.
879 2055 953 2123 [sos]
963 2058 1114 2106 omuesenim
1124 2075 1171 2108 uno
1180 2069 1314 2109 orecsnuut
1324 2063 1412 2110 bonurn

314 2143 373 2208 quid
384 2142 561 2207 temperentism
571 2147 596 2188 et
603 2139 719 2204 justitisnr
731 2155 790 2196 esse,
801 2137 895 2186 difficile
905 2145 983 2185 sutem
999 2145 1024 2186 ιι
1034 2139 1172 2188 isboriosunr
1184 2158 1190 2188 ι
1207 2141 1411 2205 intemperantium

313 2239 369 2272 sero
376 2230 401 2272 et
412 2221 549 2286 injustitisrn
558 2219 690 2284 jucundum
701 2219 832 2286 quidem‘et
842 2218 911 2267 fscile
922 2225 1067 2282 conspsrstu.
1079 2220 1192 2282 opinione
1202 2229 1291 2269 tsntunr
1311 2223 1412 2286 legeque

314 2311 391 2367 turpe.
408 2301 510 2352 Utiliors
520 2301 576 2365 quio
587 2299 657 2348 etism
665 2299 736 2363 justis
745 2297 835 2362 injuste
844 2308 870 2346 ut
881 2298 1006 2362 piurimuru
1014 2299 1084 2364 ruigo
1095 2299 1185 2348 dicunt.
1196 2309 1221 2350 et
1231 2302 1304 2350 rusios
1315 2303 1412 2366 quidem

315 2384 401 2432 divites
411 2389 566 2446 potentesque
577 2379 646 2428 iscile
663 2381 788 2435 bonorsut,
800 2378 955 2442 prirstiu.que
969 2394 997 2426 sc
1008 2378 1102 2443 publice
1120 2381 1200 2430 bestos
1217 2381 1356 2444 sppeiisnt:
1373 2399 1415 2432 eos

285 2445 289 2454 ’
317 2471 395 2511 sutem
407 2467 569 2517 contemnunt,
580 2459 622 2524 qui
632 2458 761 2507 imbecilles
771 2467 796 2506 et
808 2473 923 2524 psuperes
933 2467 997 2515 sunt,
1013 2460 1119 2522 quemvis
1130 2462 1262 2510 coneedsnt
1272 2462 1337 2526 ipsos
1347 2463 1414 2513 meii-

316 2557 368 2592 cres
378 2541 462 2590 ceteris
470 2555 530 2590 esse.
563 2539 654 2586 Horum
663 2553 718 2586 sero
729 2538 831 2586 omniurn
844 2539 943 2585 muime
955 2537 1053 2586 ruirsndi
1064 2539 1095 2587 ds
1104 2539 1160 2587 Diis
1168 2547 1193 2588 ιι
1201 2541 1286 2590 virtute
1297 2559 1414 2593 sermones

316 2621 526 2673 circumferuntur:
543 2619 611 2668 Deos
628 2618 734 2684 plurimis
754 2617 822 2666 bonis
840 2615 974 2666 bominibus
993 2617 1111 2668 infelicem
1132 2621 1203 2669 ritsru
1225 2622 1327 2685 dedisse,
1348 2625 1413 2672 rusiis

317 2711 396 2752 sutem
407 2709 497 2751 contre.
514 2709 578 2749 rstes
588 2701 684 2764 iusuper
694 2707 719 2748 ιι
729 2699 794 2747 srioii
804 2699 834 2746 sd
843 2698 929 2762 jsnuss
940 2698 1039 2746 divinus
1050 2701 1199 2760 secedentes,
1215 2705 1357 2766 persusdent
1367 2703 1413 2753 risu

237 2837 240 2847 s
319 2785 404 2832 irsbrrc
415 2797 429 2831 s
440 2781 495 2830 Diis
505 2781 623 2830 sscrificiis
633 2789 658 2830 ιι
668 2779 809 2830 csrmiuibus
820 2787 941 2842 scceptsm
953 2779 1070 2843 purgsndi
1080 2795 1123 2844 per
1133 2781 1278 2831 celebritstes
1296 2792 1321 2832 et
1335 2785 1414 2834 obiec-

318 2863 547 2928 tsurentsqursdsur,
558 2862 578 2910 si
589 2863 653 2926 quod
664 2861 740 2911 scelus
750 2861 780 2910 sb
798 2859 835 2907 his
852 2867 894 2908 sut
911 2875 991 2907 eorum
1009 2859 1138 2923 msjoribus
1157 2871 1271 2926 pstrstum
1288 2865 1372 2913 tuerit:
1391 2875 1416 2914 ιι

316 2943 419 2993 nocendi
436 2958 508 3008 psrro
527 2941 597 2992 etism
615 2949 719 3006 sumptu,
737 2940 871 3004 cuicunque
891 2939 965 2988 veiint
984 2939 1139 2996 inimicorum,
1159 2949 1184 2988 ιι
1197 2942 1265 3005 justo
1283 2945 1368 3006 puriter
1389 2956 1414 2994 ιι

316 3023 414 3088 injusto.
429 3029 534 3071 useruot
543 3021 642 3086 quippe,
653 3029 703 3070 turu
714 3019 880 3069 bisndiruoutis
893 3019 1043 3084 quibusdem,
1060 3027 1109 3068 tum
1119 3021 1218 3070 siucuiis
1228 3037 1253 3071 se
1263 3023 1331 3072 Deos
1342 3024 1413 3073 iudu-

316 3119 377 3162 cers‚
389 3111 415 3152 ut
425 3103 470 3152 sibi
480 3103 505 3151 in
516 3103 553 3152 bis
564 3102 672 3152 omuibus
682 3102 849 3165 obsequuntur.
882 3099 921 3148 Ad
940 3101 990 3148 bec
1001 3101 1080 3149 omnis
1091 3100 1213 3166 poiitsrurn
1229 3103 1330 3152 efferum
1347 3106 1413 3154 testi·

249 3246 258 3260 t
287 3195 294 3204 ’
319 3185 406 3243 monis,
416 3184 501 3250 psrtiru
512 3184 575 3250 quod
586 3183 657 3232 r'srile
668 3183 772 3232 lsbsmur
781 3183 806 3230 is
819 3181 915 3229 ritiuru:

540 3264 656 3313 ΜοιιιΙιι
666 3263 748 3312 sitium
760 3262 854 3326 penitus
864 3261 974 3309 isbuntur
983 3259 1008 3309 in
1022 3277 1092 3311 oruue

541 3345 681 3409 precipites,
692 3345 803 3408 quonism
815 3341 890 3391 isciiis
902 3343 940 3390 ris
950 3342 1017 3391 ducit
1026 3344 1056 3391 sd
1068 3345 1155 3407 ipsum,

542 3427 587 3475 boc
598 3426 654 3490 quis
665 3425 701 3474 rei
713 3425 781 3474 nobis
789 3424 839 3488 jsru
852 3433 901 3472 tuns
913 3425 1064 3472 uticentibus
1076 3425 1155 3472 beret.

542 3507 651 3555 virtutem
662 3511 717 3554 ιιιιι
728 3505 803 3569 ipssru
814 3505 847 3552 Di
859 3519 1001 3570 proposuere
1013 3503 1125 3561 isborem,

542 3586 695 3650 difficilesque
707 3586 755 3634 riss
764 3586 856 3635 cunctis
867 3585 1009 3634 sdeuntibus
1019 3584 1100 3634 iilsrn:

313 3668 396 3733 purtim
416 3668 480 3731 quod
499 3667 566 3715 Deus
581 3668 688 3730 precibus
706 3667 790 3714 nostris
810 3667 991 3730 muneribusque
1013 3665 1128 3721 flectetur,
1146 3665 1273 3715 Humerum
1292 3669 1416 3718 adducunt

312 3757 405 3804 testeru,
416 3749 456 3812 qui
467 3749 555 3812 iuquit,
566 3748 708 3799 Exorebiiet
716 3749 926 3812 curationesque
935 3753 958 3797 ei
970 3748 1019 3798 Dei
1025 3751 1091 3804 mi,
1099 3752 1123 3795 ei
1131 3747 1273 3812 mquidem
1278 3750 1417 3816 momnis,

313 3828 383 3886 sotis,
394 3827 546 3878 libationibus
555 3835 577 3878 et
589 3829 702 3890 bossinus,
713 3843 765 3878 cum
772 3829 930 3893 peccaverint,
939 3835 1064 3892 precantes
1072 3832 1178 3878 ιιιιιιι.

538 3909 600 3958 Snut
609 3911 691 3960 isciies
702 3909 788 3974 superi,
800 3911 906 3973 precibus
916 3911 1049 3973 flectuntur,
1059 3917 1085 3957 et
1092 3909 1155 3957 idem

538 4005 653 4039 sscrorum
664 3993 746 4040 nidore
758 3993 797 4056 pio
809 3991 933 4055 piscentur
941 3991 971 4040 sb
982 3991 1041 4055 ipsis

539 4071 645 4120 ninrirurn
657 4074 717 4120 rotis
728 4073 857 4130 hominurn,
869 4087 932 4136 que,
943 4071 963 4120 si
974 4071 1027 4135 quis
1038 4072 1063 4120 iu
1076 4071 1128 4119 ilios

538 4151 627 4218 errarit,
640 4153 731 4200 renisrn
742 4153 846 4216 rogitsns
856 4153 967 4216 concepit
978 4153 1002 4199 iu
1014 4153 1068 4202 sris.

313 4229 395 4280 libros
405 4235 481 4277 sutem
492 4228 658 4280 circumierunt
668 4233 755 4281 Musei
766 4243 790 4282 et
801 4233 993 4296 Orphei„Lunsr
1013 4241 1039 4279 ιι
1057 4233 1179 4288 Mussrum
1198 4233 1296 4282 tiliorum
1307 4251 1313 4281 z
1331 4249 1420 4283 securr-

312 4313 368 4360 duur
378 4326 438 4375 quos
449 4325 511 4358 sscrs
523 4310 650 4368 celebrent,
661 4315 828 4376 persuadentes
839 4329 886 4362 non
899 4314 994 4378 prirstis
1004 4313 1088 4370 solum,
1098 4329 1178 4362 verum
1188 4315 1258 4363 etism
1267 4316 1416 4375 ciritstibus.

312 4393 440 4444 solutiones
451 4399 475 4439 ιι
485 4393 633 4456 purgstiones
643 4394 754 4444 scelerum
766 4411 808 4460 per
818 4395 931 4445 sucrificis
941 4410 994 4443 curn
1006 4395 1115 4442 ludorum
1126 4385 1305 4444 obiectsrnentis
1317 4395 1378 4460 fleri,
1390 4407 1418 4446 ιι

312 4473 445 4525 virentibus
457 4471 531 4538 [tos]
543 4481 568 4523 et
577 4474 710 4524 defunctis:
727 4493 785 4542 quss
796 4478 890 4543 quidem
900 4477 1004 4536 Teistss,
1016 4475 1041 4526 id
1052 4476 1242 4542 esterpistiones
1252 4483 1346 4536 vocent,
1358 4491 1417 4542 ques
