3208 5308
19 590 22 611 ,
132 524 203 606 ouo]
531 518 872 582 HIPPrAsMAJOR.
1198 521 1238 577 ro

135 681 217 730 morai
250 676 466 729 Ermeritcmoita
479 673 661 740 jungundum
678 672 724 722 ribi
741 673 799 722 talia
812 673 972 738 mpoudebo.
1005 672 1069 722 'i'eiia
1079 681 1117 723 ert
1125 681 1154 722 ut
1164 673 1238 738 piuri-

135 771 200 808 nrum
210 759 340 826 disputatio
349 766 438 808 uoatru.
472 755 625 820 Quandoque
640 769 707 813 vero,
718 762 830 818 tauquam
847 755 987 820 imperitiam
998 769 1074 805 meam
1086 763 1112 804 ct
1120 755 1238 806 imoitiam

136 833 266 904 miseratur,
281 841 334 906 ipae
351 841 411 888 mihi
426 837 536 894 occurrit,
554 837 711 900 interrogaui,
728 844 804 883 utrum
822 835 869 884 0010
884 837 997 900 quiddam
1014 837 1138 902 pulchrum
1158 837 1237 902 iprum

136 927 188 968 me
197 919 257 969 mihi
266 921 382 978 ridentur,
391 920 430 969 roi
447 918 479 968 οο
495 917 580 982 quonia
599 914 648 964 alio
665 915 806 979 diaputetur.
838 915 900 966 Hir.
916 919 1045 976 Quomodo
1060 917 1087 966 id
1105 918 1175 975 air,o
1192 917 1237 966 So·

137 1001 228 1048 orator?
261 999 304 1050 80.
322 1000 420 1050 Diuum.
452 999 475 1048 0
487 1000 556 1048 baeu
565 997 683 1060 Soanta,
692 995 780 1060 iuquit,
790 995 825 1045 ita
834 999 975 1062 respondere
985 997 1237 1064 0110000000οψ

138 1079 227 1144 qnippe
237 1089 302 1134 aunt,
309 1087 335 1128 ot
343 1077 571 1128 (0010000110οῑ00.-
602 1076 651 1125 Sod
661 1076 766 1133 adverto,
776 1091 832 1126 num
843 1075 891 1126 taio
902 1078 1015 1142 quiddam
1026 1079 1103 1143 iprum
1114 1079 1237 1144 pulchrum

138 1167 260 1222 appareat,
271 1160 336 1224 quod
346 1172 391 1208 000
400 1173 472 1223 rupre
481 1157 610 1222 ratigiruur.
621 1169 675 1206 curu
692 1171 773 1206 rurum
783 1157 924 1220 diocremur,
934 1156 1020 1222 quibui
1034 1159 1123 1208 dooenr
1131 1168 1177 1225 ort,
1187 1175 1238 1210 earo

139 1237 261 1301 pulchrum
270 1253 280 1301 ς
290 1247 381 1296 contra,
391 1238 479 1303 quibui
489 1237 586 1286 minimo
596 1255 603 1283 ι
617 1243 690 1300 atquo
700 1235 747 1284 alia
757 1238 845 1295 omnia,
855 1239 943 1303 quibua
952 1239 1031 1302 iprum
1041 1239 1129 1289 deoeur
1138 1242 1238 1306 quaqua

137 1325 220 1366 natura
229 1320 353 1384 competit,
362 1317 462 1382 pulchra
478 1316 540 1366 dori.
573 1315 636 1364 Vide
654 1315 734 1379 igitur,
745 1331 801 1364 uum
820 1319 866 1365 hoc
882 1317 961 1381 iprum
978 1319 1101 1382 puidirrum
1114 1321 1162 1372 rit„
1186 1321 1238 1386 ligo

138 1405 215 1447 autem
226 1399 273 1450 iata
282 1400 368 1465 parrim
379 1399 509 1448 oonoedcrc
520 1397 643 1446 0000000.
653 1409 708 1444 nam
718 1395 777 1459 quid
791 1395 912 1460 objiciam,
922 1409 970 1448 non
981 1399 1086 1449 invenio.
1116 1399 1172 1449 'i'lbi
1183 1417 1239 1452 uero

137 1479 260 1542 decorum,
268 1479 348 1544 iprum
359 1479 483 1544 pulchrum
492 1491 545 1525 arao
560 1475 670 1524 ridetur?
686 1475 749 1524 Hm.
759 1475 872 1536 omnino,
883 1491 899 1525 0
909 1478 1025 1528 Scotum.
1041 1479 1084 1531 80.
1096 1479 1239 1548 conamur,

138 1573 168 1608 00
176 1560 202 1608 iu
213 1560 296 1624 aliquo
303 1558 458 1623 decipiamur.
473 1557 536 1606 iirr.
548 1555 687 1605 Cavendum
696 1563 766 1606 carte.
783 1557 825 1606 uo.
836 1555 900 1607 Vide
907 1555 997 1622 itaque.
1008 1560 1119 1610 decorum
1130 1561 1155 1610 id
1167 1575 1238 1612 rooa.

139 1653 198 1696 uua,
212 1637 289 1704 [2⁸⁴]
300 1641 365 1704 quud
375 1637 502 1687 adueniens
512 1637 587 1686 rideri
598 1636 695 1700 pulchra
705 1637 796 1701 ringula
804 1638 871 1696 iacit,
880 1639 966 1703 quibui
977 1641 1053 1704 adeat,
1065 1642 1102 1690 rei
1111 1643 1177 1706 quod
1185 1657 1238 1692 earo

138 1719 222 1778 eflicit,
230 1719 340 1768 reiexiir
348 1718 473 1768 ueutnrmi
485 1717 547 1769 iirr.
555 1717 620 1766 Mihi
628 1716 723 1781 quidem
732 1718 831 1768 videtur.
849 1719 892 1768 So.
902 1719 986 1768 Utrum
993 1723 1058 1785 quud
1064 1735 1176 1787 apparere
1183 1723 1238 1787 pul·

137 1800 193 1848 cirra
204 1797 274 1856 iacit,
285 1799 384 1864 perinde
394 1813 422 1849 ac
437 1799 457 1848 ri
467 1799 520 1864 quir
528 1799 648 1855 deiurmir,
659 1797 744 1846 amictu
755 1799 886 1863 0010000000
897 1797 987 1850 decuria
1003 1810 1107 1859 ornatur,
1118 1803 1240 1866 pulchrior

138 1881 272 1944 apparant?
283 1877 372 1929 Nonne
379 1879 399 1929 ri
406 1880 516 1930 rimorum
523 1893 560 1936 00,
567 1879 653 1943 quibua
659 1879 728 1936 inert,
737 1877 869 1942 pulchriora
876 1895 946 1944 quam
957 1881 1005 1928 rint
1012 1879 1238 1947 rideriieoiut,qua.

140 1965 208 2008 00000
215 1960 329 2010 decorum
336 1967 381 2016 ort,
389 1960 500 2024 uooaprio
506 1959 614 2024 quadam
622 1958 685 2008 circu
693 1959 815 2022 pulchrum
821 1958 932 2009 0000000
938 1967 1106 2024 00000ςο0000
1113 1969 1176 2010 aaut
1183 1964 1238 2020 hdo,

142 2041 206 2104 quod
216 2041 352 2104 querimur,
361 2039 451 2104 Hippia
461 2040 470 2087 i
481 2037 545 2088 Iunc
556 2038 647 2103 quippo
658 2039 817 2103 quoririmur,
828 2053 876 2104 quo
886 2053 921 2088 roa
931 2053 1013 2089 omncr
1024 2041 1127 2104 puiciiru
1135 2041 1240 2105 puicirraa

143 2122 419 2185 mutaquonradmudum
426 2119 921 2186 omniamagorerooraumagnarunuhmc
928 2121 1239 2188 enimomniamagnaruntr

142 2189 213 2264 atque
222 2201 314 2250 etiami
324 2213 373 2249 000
383 2201 517 2262 rideantur,
527 2201 644 2249 excedant
660 2206 748 2263 tamon,
760 2213 907 2264 magnaeano
917 2213 1014 2250 necatae
1023 2209 1068 2250 ort.
1100 2201 1140 2251 Sic
1150 2210 1176 2251 et
1186 2203 1240 2266 pui-

139 2282 221 2331 eirrum
231 2281 388 2346 quaririmur,
398 2295 447 2344 quo
463 2281 562 2345 puiohra
572 2287 628 2328 auut
643 2280 732 2336 omnia,
743 2280 793 2328 aire
809 2289 940 2344 appareant
956 2279 1012 2330 rirev
1021 2295 1080 2339 000,
1091 2281 1149 2346 quid
1160 2284 1239 2331 eructi

141 2361 251 2411 docorum
258 2361 352 2426 quidem
359 2375 407 2409 000
413 2369 462 2409 ort:
472 2360 604 2424 pulchriora
610 2360 758 2424 nimquam
764 2360 899 2417 riut,videri
905 2359 1000 2419 iacit,in
1007 2369 1121 2426 quantum
1128 2363 1240 2412 docorum

142 2448 188 2498 ert,
195 2441 281 2504 utipae
288 2439 366 2490 aiebat
375 2459 382 2490 r
392 2441 472 2506 qualia
481 2455 536 2489 reru
544 2449 608 2498 rurrt,
619 2440 695 2489 uideri
703 2455 752 2488 000
759 2440 824 2490 uiuit.
841 2441 914 2498 Quod
922 2449 1001 2490 autern
1010 2441 1108 2506 puicnra
1114 2442 1240 2500 anieoit,

141 2521 341 2584 quomadmodum
349 2521 418 2586 paulo
425 2531 481 2572 auto
489 2521 606 2580 dicebam,
613 2522 662 2570 rire
669 2529 798 2587 appareant
805 2522 855 2570 rire
863 2535 921 2580 noo,
928 2519 986 2586 quid
995 2530 1034 2570 ort
1044 2519 1180 2574 dicendum.
1192 2525 1238 2573 iioc

142 2617 230 2666 nempe
241 2603 358 2666 quaritur,
370 2603 390 2652 ai
400 2605 470 2652 ruodo
481 2602 604 2667 pulchrum
614 2603 735 2666 quaritur.
756 2601 824 2666 0000.
843 2601 919 2664 Atqui
930 2601 1049 2658 docorum,
1061 2617 1076 2651 ο
1087 2601 1203 2662 Suomter,
1214 2609 1240 2652 et

143 2694 194 2730 care
204 2689 229 2731 et
239 2695 352 2746 apparere
363 2683 467 2748 pulchre,
475 2699 530 2734 cum
540 2685 616 2746 adeat,
625 2683 705 2732 effluit.
738 2682 780 2732 So.
797 2677 873 2746 Igitur
883 2683 1029 2745 imputribile
1038 2691 1084 2741 ert,
1095 2699 1148 2748 qua
1160 2699 1241 2733 revera

143 2763 240 2826 pulchra
251 2771 315 2821 aunt,
325 2777 374 2814 000
386 2763 461 2812 rideri
473 2763 579 2828 pulchra,
587 2761 643 2811 dum
652 2763 729 2817 adeat,
740 2763 804 2826 quud
816 2761 890 2810 rideri
901 2763 966 2811 iacit.
999 2763 1061 2812 Hrn.
1078 2761 1238 2827 imporuibiio.

143 2841 186 2892 So.
201 2842 373 2892 Confitebiruur
382 2846 437 2899 hoo,
448 2861 463 2892 o
475 2843 574 2908 Hippio,
582 2844 662 2892 omnia
672 2857 751 2892 reuera
762 2843 861 2906 pulchra
870 2841 978 2892 inatituta
987 2851 1012 2892 et
1023 2845 1102 2892 studia
1112 2845 1239 2894 oriotiruari

142 2923 210 2970 etiem
222 2925 361 2987 pulchram
371 2925 505 2974 horninibus
515 2926 524 2972 i
541 2924 579 2972 rol
589 2932 679 2987 contre,
689 2923 799 2987 ignorem*¹
810 2925 872 2973 adeo
888 2931 914 2972 ut
924 2925 955 2973 do
966 2925 1002 2972 iria
1012 2925 1119 2974 hominos
1130 2925 1237 2989 privatim

140 3010 165 3050 ot
182 3003 277 3066 publice
291 3005 402 3054 0000000
419 3005 543 3068 pugnent?
576 3003 639 3055 iirr.
663 3003 768 3066 ignorari
786 3005 873 3068 potius,
891 3021 907 3052 0
923 3005 1039 3061 Soorrtea,
1057 3006 1162 3056 arbitror.
1194 3007 1239 3058 So.

144 3083 199 3132 Noa
217 3093 296 3134 000000
311 3087 480 3149 ignorarentur,
492 3087 521 3142 ri,
540 3093 565 3134 ut
583 3086 680 3148 pulchra
695 3093 759 3148 runt,
769 3085 803 3134 ita
820 3085 917 3148 pulchra
933 3087 1004 3134 otiam
1023 3093 1177 3150 apparerent:
1196 3103 1239 3150 ap·

143 3173 250 3229 perurant
261 3167 381 3225 antem,ri
398 3168 510 3215 decorum
529 3165 652 3229 pulchrum
668 3173 738 3222 canet,
751 3179 828 3227 nequa
846 3177 896 3212 earo
912 3166 997 3222 ouium,
1018 3168 1059 3214 red
1077 3166 1150 3214 ridori
1168 3167 1240 3214 otiam

144 3245 241 3308 pulchra
250 3254 355 3309 cogeret.
387 3247 555 3303 Quamobrem,
567 3245 587 3292 ai
604 3245 714 3292 decorum
726 3251 770 3298 ert,
781 3245 845 3306 quod
858 3243 954 3307 pulchro
964 3244 1023 3293 iacit
1031 3255 1092 3308 ecre,
1103 3253 1139 3292 eat
1149 3245 1242 3308 utique,

143 3326 208 3388 quod
226 3326 362 3387 querimur,
374 3325 506 3388 pulchrum,
522 3337 571 3372 nou
590 3334 668 3370 tamen
687 3323 722 3378 id,
741 3324 806 3386 quod
826 3324 899 3371 videri
918 3325 997 3386 cugitr
1016 3323 1147 3372 sinautem
1166 3323 1242 3373 rideri

143 3405 262 3452 duntunt
282 3405 393 3452 decorum
415 3404 495 3463 edicit,
514 3417 662 3467 nequaquam
682 3401 806 3466 pulchrum
824 3403 901 3466 iprum
920 3404 1039 3466 ert,quod
1060 3402 1170 3467 petimur.
1192 3417 1243 3455 erro

143 3499 247 3548 namquo
268 3483 328 3532 iilud
347 3483 476 3548 compellit.
510 3483 635 3549 Apparere
656 3491 735 3532 autern
751 3483 819 3532 simui
838 3489 864 3532 ot
878 3497 938 3540 esau,
957 3497 1033 3548 noque
1051 3483 1243 3550 pulchramque

145 3563 210 3612 aiiud
221 3565 349 3629 quicquam
360 3565 451 3614 officere
462 3565 525 3614 idem
537 3571 624 3630 potest.
659 3563 777 3628 Eiigamua
785 3562 844 3628 jorn,
854 3571 930 3612 utrum
942 3565 1052 3612 decorum
1063 3577 1115 3613 erre
1125 3573 1243 3628 putemur,

145 3646 208 3708 quud
219 3643 295 3694 ridori
304 3646 412 3710 pulchra,
423 3645 459 3694 rei
476 3647 540 3710 quod
552 3659 604 3694 orae
619 3644 684 3696 facit.
719 3645 779 3695 Hir.
798 3647 869 3703 Quod
882 3644 965 3702 videri,
981 3661 996 3692 0
1012 3644 1129 3703 Socrates,
1139 3645 1244 3697 arbitror.

146 3725 188 3775 80.
206 3726 288 3790 Papo,
303 3741 373 3790 quam
391 3727 461 3790 louge
471 3742 515 3776 nur
532 3726 716 3792 Hippiuipaioa
728 3726 819 3790 pulchri
830 3725 936 3791 cognitio
946 3725 1016 3790 fugit,
1036 3733 1160 3789 postquam
1172 3725 1244 3775 0000-

144 3819 194 3854 rum
213 3807 279 3854 aliud
296 3807 409 3870 quiddam
427 3815 513 3871 prater
531 3808 608 3873 iprum
627 3807 749 3870 puichrum
767 3821 818 3856 erae
832 3807 950 3872 apparuit.
982 3806 1044 3854 Hir.
1062 3806 1109 3854 Por
1124 3803 1243 3864 Jorem,o

143 3885 259 3942 80000000,
270 3885 327 3935 mihi
343 3885 440 3952 quidem
458 3889 559 3938 abrurdo
578 3889 684 3940 nimium.
709 3887 783 3952 [290]
803 3887 845 3938 So.
863 3888 983 3945 Cetemm,
1002 3903 1017 3935 o
1036 3887 1119 3943 amice,
1136 3889 1242 3938 noudum

145 3965 296 4014 dimittamur.
306 3981 383 4030 neque
401 3967 464 4017 onim
476 3983 570 4018 omnem
587 3968 663 4032 abjeci
681 3983 756 4033 rpem,
767 3968 826 4032 quid
842 3968 872 4016 rit
889 3968 1012 4031 pulchrum
1023 3967 1168 4018 inveniendi.
1181 3968 1243 4022 Hir.

146 4043 250 4094 Omnino
260 4047 410 4110 rpcrrndum,
420 4063 435 4095 o
446 4049 651 4112 scrutemurque
663 4048 726 4098 enirn
738 4049 834 4096 inventu
842 4077 845 4084 ι
852 4045 956 4097 difficile.
968 4047 1024 4096 mihi
1035 4048 1124 4112 quippe
1134 4050 1243 4099 consciur

145 4139 206 4182 aum,
214 4127 278 4190 quod
288 4125 307 4174 ri
318 4125 476 4190 paulirpercd
488 4143 525 4178 ma
536 4129 613 4194 iprum
624 4129 647 4176 in
660 4129 788 4177 aoiitudine
799 4145 835 4178 me
846 4129 980 4194 reciperem,
991 4129 1095 4177 exactior
1106 4129 1160 4186 tuir,
1171 4145 1241 4193 quam

145 4207 242 4273 exprimi
251 4208 335 4272 puaait,
345 4208 389 4257 tibi
399 4209 424 4257 id
432 4209 581 4274 explicarem,
588 4217 615 4257 ut
623 4209 680 4258 nihii
690 4209 749 4257 uitra
760 4210 894 4274 requirerer.
924 4210 967 4259 So.
977 4209 1042 4274 Heu,
1051 4226 1081 4260 ne
1089 4211 1136 4258 alta
1147 4210 1171 4258 id
1185 4223 1243 4258 vooe

144 4289 350 4354 dicaamiiippir,
357 4305 388 4340 οο
397 4291 544 4354 indignatum
552 4292 645 4356 tongtoa
653 4305 696 4340 noa
707 4291 813 4356 effugiet.
822 4307 869 4340 000
877 4292 951 4350 rideo,
959 4300 1072 4357 quantuor
1081 4293 1243 4341 nuairactenur

145 4369 293 4433 fatigaverit?
310 4383 390 4419 rorum
408 4371 467 4419 nihil
484 4371 539 4422 dico
556 4379 591 4429 tu,
609 4372 681 4430 onim,
698 4387 752 4421 cum
770 4372 833 4421 00100
846 4373 899 4430 orio,
916 4373 996 4437 tacite,
1006 4381 1034 4421 ut
1049 4381 1118 4438 puto,
1130 4371 1245 4428 invenior,

145 4449 258 4514 seringe,
269 4465 311 4514 per
322 4449 397 4514 Deua,
408 4467 445 4501 rue
455 4459 568 4516 pruriente
579 4453 699 4503 invenior:
717 4462 750 4510 er,
761 4455 781 4502 ri
792 4454 835 4511 ria,
847 4463 873 4503 ut
884 4455 1006 4519 hacrentia,
1016 4455 1050 4503 itr
1066 4453 1178 4516 deinceps
1197 4461 1246 4496 000

146 4543 240 4578 uocum
261 4532 378 4596 perquiro.
405 4531 424 4580 ai
445 4533 599 4595 inveniemur,
622 4537 682 4586 bene
701 4536 754 4585 erit.
773 4536 810 4586 aiu
829 4535 914 4596 minue,
933 4551 977 4598 ego
996 4535 1101 4599 quidom·
1113 4547 1164 4580 meu
1185 4535 1246 4576 rorte
