3098 5314
115 509 203 587 rer]
467 509 523 571 ne
545 505 717 570 teuteus
740 505 814 571 tre,
836 507 887 570 vr.
1162 513 1216 576 ³51

131 665 268 714 mulieribus
286 663 374 712 tradite
392 673 456 720 sunt,
476 679 626 730 nequaquem
641 665 764 713 movends.
775 665 794 713 si
803 657 858 714 r'ero
869 673 911 714 aut
920 665 991 714 nullis
1000 671 1040 714 aut
1050 666 1133 730 prucis
1142 667 1228 732 sliquts'

132 746 263 812 lsujusmodi
271 753 334 802 sunt,
343 745 407 810 quod
416 747 524 795 accidere
535 761 578 810 par
585 753 621 794 est
629 745 685 802 illis,
694 747 735 810 qui
743 747 841 794 innecte
849 746 951 795 cisitetis
959 745 1128 797 habitationem
1134 763 1223 796 conse·

131 827 213 875 ninut:
229 826 271 875 ubi
287 827 339 875 brec
355 828 450 888 desunt,
466 829 597 876 uoerdotes
613 835 661 875 tsnr
677 827 721 876 siri
732 841 803 892 quem
814 827 929 883 mulieres,
940 835 965 876 et
974 827 1054 876 editui
1063 829 1223 878 constituendi

133 915 196 957 snut.
213 923 266 971 que
285 909 365 956 omnia
381 908 463 972 pertirn
482 909 626 966 delectione,
643 909 728 972 partim
742 917 805 956 sorte
816 908 866 956 fieri
878 917 977 972 oportet.
993 917 1063 974 etque
1073 909 1097 957 in
1110 911 1225 959 omnire-

134 991 202 1054 gione
212 990 357 1052 civitateque
368 989 436 1052 plebs
446 1005 498 1038 curu
508 991 564 1046 illis,
575 990 617 1053 qui
627 997 693 1038 estre
703 987 795 1054 plebem
805 997 859 1038 sunt
865 1005 908 1054 per
915 991 1040 1038 amicitiem
1049 989 1223 1055 conjungenda,

134 1071 270 1118 utmaxims
280 1071 343 1118 sitin
353 1071 507 1118 omnibuebis
517 1071 648 1121 consensio.
665 1079 690 1120 et
700 1087 753 1136 quur
764 1071 794 1118 ed
806 1070 952 1120 sacerdotum
965 1072 1107 1120 creationem
1115 1073 1224 1128 attinent,

135 1152 191 1202 Deo
200 1151 370 1200 committentis
380 1157 444 1213 sunt,
460 1159 494 1208 ut,
509 1152 706 1216 quemadmodum
716 1152 752 1200 illi
762 1152 849 1218 placet,
861 1152 894 1200 itu
905 1151 984 1200 divine
992 1152 1093 1210 fortune,
1105 1155 1143 1203 cui
1151 1155 1224 1202 tribu·

134 1239 183 1280 turn
200 1232 227 1280 id
243 1233 282 1288 sit,
299 1241 374 1280 sortes
389 1232 456 1281 ieret.
473 1234 501 1280 ist
514 1247 594 1281 comm
614 1241 702 1296 antem,
713 1236 754 1298 qui
764 1235 832 1283 sortis
842 1233 974 1297 suffragium
986 1235 1086 1282 assecuti
1097 1243 1160 1292 eunt,
1171 1251 1225 1283 exs-

136 1314 264 1362 suiuatioue
280 1313 320 1362 ille
336 1321 372 1362 est
388 1313 583 1378 comprobandus,
600 1315 641 1378 qui
657 1316 748 1378 integer
763 1315 795 1362 sit
810 1323 881 1380 etque
897 1315 1024 1377 legitimus,
1035 1313 1121 1363 deinde
1132 1329 1146 1362 a
1156 1317 1226 1363 domo

137 1409 206 1458 quarn
224 1395 325 1443 maxime
341 1395 439 1450 munds,
455 1409 538 1458 expers
554 1411 646 1460 quoque
657 1397 730 1444 credie
739 1397 890 1460 omniumque
904 1395 1047 1458 hujusmodi,
1055 1407 1107 1458 que
1118 1395 1228 1444 adversm

137 1475 244 1524 (lisinam
267 1489 316 1523 rem
340 1475 531 1522 committuntur:
549 1478 614 1539 cujus
638 1484 663 1524 et
689 1483 756 1539 peter
776 1484 898 1538 materque
914 1475 1019 1523 similiter
1039 1475 1147 1525 vixerint.
1164 1477 1229 1539 leges

138 1565 215 1605 sutem
232 1557 264 1604 de
279 1557 349 1603 rebus
364 1554 450 1603 divinis
466 1569 481 1602 s
497 1554 600 1619 Delphis
616 1563 734 1620 petentur,
745 1557 961 1618 constituunturque
970 1555 1064 1603 illarum
1073 1557 1229 1620 interpretes:

139 1645 209 1702 etque
227 1637 264 1685 bis
282 1635 405 1685 utendum.
422 1636 575 1685 sacerdotium
596 1651 644 1684 non
661 1635 794 1684 diuturnius
805 1637 912 1700 sitquem
924 1649 1037 1684 annuum.
1053 1653 1097 1686 uec
1107 1637 1230 1702 pauciores

139 1733 214 1766 annos
229 1731 302 1782 quem
317 1717 440 1780 sexaginta
448 1725 520 1766 natus
529 1717 568 1774 sit,
579 1717 621 1782 qui
631 1713 760 1766 secundum
771 1732 850 1766 sacres
859 1719 926 1782 leges
935 1733 972 1765 res
982 1716 1074 1766 divinus
1088 1719 1233 1769 sufficienter

139 1809 177 1848 est
186 1805 336 1848 narraturus.
351 1797 482 1862 eademque
489 1797 519 1848 de
528 1797 665 1848 mulieribus
670 1793 751 1854 sacris,
758 1813 811 1864 que
819 1803 845 1846 et
852 1797 883 1847 de
893 1797 957 1855 viris,
966 1805 1054 1847 statuta
1061 1800 1232 1864 intelligantur,

138 1881 281 1944 interpretes
292 1887 371 1928 sutem
382 1887 418 1928 ter
427 1887 527 1944 quotuor
536 1880 615 1929 lerunt
624 1879 698 1928 tribus
708 1881 766 1944 ipse
775 1871 882 1945 qusluor,
896 1895 925 1928 ex
936 1895 1016 1928 eenuu
1026 1881 1109 1929 ordine
1120 1896 1231 1947 unaque·

140 1977 187 2027 que
209 1969 274 2010 tres:
292 1977 320 2010 sc
344 1959 418 2009 tribus
438 1961 550 2025 probetis,
567 1962 608 2026 qui
624 1961 704 2028 majori
720 1960 831 2025 suffrsgio
847 1961 936 2010 delecti
951 1968 1014 2017 sunt,
1030 1963 1133 2027 reliquos
1148 1977 1234 2012 norem

141 2042 253 2106 Delphos
263 2042 367 2098 mittant,
378 2049 405 2090 ut
414 2057 445 2091 ex
452 2057 545 2107 qusque
552 2037 657 2096 trinitute
666 2057 724 2090 unus
733 2043 828 2091 oraculo
838 2041 956 2106 diligatur.
964 2043 1122 2107 comprobatio
1131 2045 1234 2108 ipsorum

142 2133 248 2189 etaaqm
265 2124 327 2180 talis,
343 2125 419 2189 qualis
436 2131 461 2174 et
476 2123 624 2174 sacerdotum
640 2124 705 2173 dicta
715 2133 759 2173 est.
775 2125 800 2172 iri
811 2139 854 2188 per
863 2131 937 2172 totam
946 2125 1019 2172 vitam
1029 2125 1198 2189 interpretandi
1210 2133 1236 2174 et

142 2205 279 2269 esponendi
301 2206 404 2255 bsbcent
427 2213 577 2270 potestatem.
594 2217 619 2254 et
634 2207 659 2254 in
675 2189 781 2254 diiuncti
796 2204 871 2252 vicem
888 2213 988 2268 quaeror
1001 2205 1076 2255 tribus
1090 2207 1147 2255 iude
1163 2207 1236 2256 ulium

142 2287 243 2350 eligent,
254 2285 317 2336 surde
328 2303 386 2352 puer
397 2288 438 2336 ille
448 2287 544 2336 deiecit.
560 2299 687 2352 questores
701 2295 727 2334 et
738 2295 894 2334 essemstores
905 2301 977 2334 sacru
987 2288 1096 2350 pecunie
1107 2288 1131 2334 in
1141 2288 1239 2352 templis

143 2369 255 2432 iugulis,¹
270 2369 311 2433 qui
320 2370 428 2418 'lucorum
440 2383 593 2433 agrorumque
604 2369 663 2432 ipsis
673 2367 832 2416 dedicatorum
844 2375 869 2416 et
879 2368 995 2416 fructuum
1006 2367 1237 2434 conductionumque

145 2457 174 2498 et
189 2449 332 2498 locationum
347 2449 434 2499 domini
450 2451 506 2507 sint,
525 2449 599 2516 [ree]
616 2457 664 2498 tres
680 2449 710 2498 de
725 2449 835 2497 menimis
851 2449 959 2497 censibus
975 2464 1018 2513 pro
1026 2450 1122 2514 templis
1131 2450 1240 2498 masinris

146 2529 284 2594 eligentur:
303 2530 348 2580 duo
366 2547 408 2594 pro
426 2531 570 2580 minoribus:
588 2547 632 2596 pro
641 2527 729 2580 mediis
747 2525 894 2594 meximeque
915 2529 1038 2578 concinnis
1048 2546 1116 2578 unus.
1132 2531 1173 2596 qui
1191 2545 1240 2579 non

145 2610 221 2659 nliter
236 2625 307 2675 quam
322 2611 395 2660 duces
410 2613 528 2666 exercitus
542 2611 660 2677 eligentur
670 2621 695 2661 et
703 2611 890 2676 comprobentur.
900 2619 971 2676 etque
982 2611 1033 2660 hec
1043 2611 1069 2659 iu
1080 2611 1150 2660 rebus
1160 2612 1241 2670 sacris,

145 2699 175 2740 nt
190 2686 300 2748 diximus,
318 2701 464 2758 peregentnr.
480 2695 570 2744 Dnnde
586 2709 641 2743 vero
656 2709 729 2759 opere
744 2701 789 2750 est,
806 2704 840 2749 ut,
857 2692 935 2757 quoed
952 2693 1002 2741 fieri
1021 2701 1108 2758 potest,
1118 2694 1178 2742 nibil
1189 2694 1242 2742 sine

146 2772 258 2822 mstodia
273 2774 313 2821 eit.
329 2774 450 2824 mvitaoenr
466 2775 562 2840 quidem
578 2784 661 2824 curent
675 2775 790 2822 exercitus
802 2774 883 2829 doces,
894 2773 1004 2821 ordinum
1014 2775 1128 2838 praelecti,
1140 2775 1245 2838 magistri

147 2855 266 2917 equitum,
290 2853 384 2908 tribuni,
400 2855 491 2902 consilii
507 2855 635 2918 principes,
652 2853 735 2899 ediles
750 2861 821 2913 etque
837 2847 955 2909 cenum,
971 2862 1096 2916 postquem
1113 2854 1184 2903 electi
1201 2870 1246 2903 suo

147 2935 233 2983 urdine
249 2934 346 2982 inerint.
361 2935 453 2999 relique
469 2937 535 2999 regio
552 2936 586 2983 ita
596 2927 753 2982 custodiatur(
764 2925 888 2980 duodecim
899 2931 923 2979 in
933 2939 1013 2996 partes
1024 2936 1127 2998 requsles
1137 2951 1180 3000 pro
1191 2936 1247 2986 siri·

148 3016 195 3063 bus
209 3015 276 3079 regio
290 3022 342 3062 tote
357 3015 433 3063 divise
449 3017 502 3064 luit.
516 3031 565 3063 uun
579 3015 660 3078 itaque
676 3013 756 3068 tribus,
773 3013 834 3076 perti
850 3012 948 3061 cuilibet
958 3023 1019 3062 sorte
1030 3015 1094 3072 dete,
1106 3017 1212 3081 quinque
1220 3017 1247 3065 irs

150 3113 242 3148 anuum
259 3096 326 3160 qussi
337 3111 444 3159 agrorum
454 3104 571 3145 curatores
582 3095 729 3158 tribuumque
738 3094 858 3157 principes
869 3093 972 3157 deliget:
990 3111 1086 3159 quorum
1097 3097 1195 3160 quisque
1204 3111 1248 3146 sue

149 3195 181 3228 ex
195 3179 261 3226 tribu
275 3176 400 3226 duodecim
413 3178 515 3242 juvenes
530 3177 625 3233 hebent,
641 3191 689 3224 non
705 3174 803 3224 minoris
818 3174 894 3222 etatis
909 3191 981 3238 quarn
997 3177 1100 3241 quinque
1117 3184 1142 3224 et
1163 3177 1250 3240 viginti

150 3274 278 3314 numum,
302 3273 381 3322 neque
402 3259 497 3323 majoris
512 3273 583 3323 quem
598 3257 703 3321 triginta.
718 3256 757 3303 his
772 3255 870 3318 siugulis
885 3255 983 3319 singule
999 3257 1102 3320 regionis
1117 3263 1197 3322 pnrtes
1206 3273 1251 3321 per

152 3347 245 3390 sor-tem
261 3348 380 3388 menstruo
395 3347 501 3404 tempore
519 3340 657 3395 nibuantur,
669 3347 697 3386 ut
712 3337 784 3385 totius
802 3335 905 3400 regionis
916 3351 998 3385 omnes
1013 3337 1122 3402 peritiam
1140 3339 1250 3388 hebeent.

152 3421 255 3470 biennio
266 3427 345 3470 auteur
355 3422 488 3485 imperundi
498 3429 524 3470 et
533 3419 683 3470 custodiendi
693 3433 773 3468 curem
782 3417 886 3466 bebeent
894 3417 1014 3482 principes
1024 3425 1049 3467 et
1062 3419 1180 3468 mstodes.
1197 3433 1250 3468 cum

153 3501 260 3567 primum
276 3509 356 3566 partes
371 3503 539 3552 custodiendas
554 3503 630 3552 sortiti
645 3507 707 3558 sunt,
718 3515 761 3565 per
771 3513 866 3549 meuses
876 3499 981 3564 singulos
991 3501 1044 3549 loca
1054 3507 1203 3564 permutent:
1220 3499 1252 3548 ed

154 3585 289 3648 proximum
305 3599 422 3647 quemque
433 3583 518 3640 locum,
528 3593 553 3632 et
563 3583 595 3632 ad
604 3584 725 3632 dexteram
735 3582 844 3648 primum,
856 3579 1000 3631 circulariter
1009 3579 1123 3630 custodie
1133 3580 1253 3645 principes

156 3665 255 3713 ducent.
271 3663 394 3712 destemm
408 3680 465 3713 vero
479 3665 575 3730 plegem
591 3654 695 3730 appello,
712 3681 766 3730 quse
782 3665 856 3714 solem
871 3663 987 3712 orientem
1002 3668 1112 3727 spectet,
1124 3661 1211 3710 ddude
1227 3660 1253 3709 in

155 3745 231 3794 altero
242 3760 307 3794 enno
318 3744 350 3793 ad
359 3745 475 3794 sinistram
486 3753 666 3806 commutentur,
682 3763 713 3796 ue
724 3747 826 3812 regionis
835 3743 915 3810 quood
926 3759 999 3792 nuum
1009 3743 1065 3792 anni
1075 3751 1168 3806 tempus
1178 3741 1253 3790 solum

156 3825 230 3892 periti
245 3828 304 3884 sint,
320 3827 364 3875 sed
377 3836 402 3876 et
418 3827 474 3892 quid
485 3827 511 3876 iu
519 3827 625 3893 quolibet
633 3839 740 3894 tempore
752 3828 777 3876 iu
787 3840 927 3892 quecunque
938 3824 1039 3888 regionis
1048 3830 1114 3889 perte
1125 3824 1256 3888 continget,

157 3915 299 3972 egnescnut.
315 3908 384 3956 tertio
394 3916 472 3957 eutem
483 3923 545 3957 annu
554 3911 659 3973 quinque
670 3911 710 3958 elii
720 3925 825 3974 egromm
836 3916 862 3955 et
873 3904 987 3955 custodie
996 3905 1117 3970 pr'mcipes
1127 3904 1255 3970 eprimeri-

158 3990 206 4037 bus
214 3991 318 4038 tribuum
329 3990 471 4054 deligantur,
481 3991 585 4055 ipsomm
595 3990 721 4038 duodecim
729 3997 854 4036 cisretores.
870 4001 926 4036 cure
937 4001 992 4034 sero
1002 3994 1028 4034 et
1037 4001 1111 4051 opere
1120 3986 1220 4052 singulis
1229 3986 1256 4035 in

159 4071 221 4118 locis
229 4071 285 4120 talis
293 4071 326 4120 sit
334 4087 339 4118 ε
357 4072 464 4133 primurn,
475 4079 503 4118 nt
511 4087 582 4134 quem
589 4069 690 4118 menime
697 4069 810 4116 euvenus
816 4069 919 4116 bostium
926 4068 1040 4131 impeturn
1049 4068 1112 4132 regio
1119 4069 1208 4117 munite
1216 4069 1258 4139 sit,

159 4152 245 4214 toves,
253 4151 389 4214 ubicunque
401 4165 461 4215 opus
470 4151 510 4208 sit,
520 4151 623 4209 effossis,
629 4149 776 4214 turribusque
787 4157 813 4198 et
824 4149 931 4198 clsustris
937 4163 980 4214 pro
989 4148 1076 4198 viribus
1084 4147 1258 4206 circumductis,

61 4251 68 4267 ·
161 4245 249 4280 nocere
266 4231 375 4280 volentes
390 4241 494 4282 arceant.
511 4233 541 4282 sd
558 4233 609 4281 bec
623 4233 706 4296 utique
716 4229 826 4280 iecieude
836 4229 998 4296 subjugalibus
1008 4231 1129 4294 ursisque
1139 4229 1258 4295 indigenis

161 4319 270 4370 utantrn,
281 4313 377 4378 quaudo
387 4315 483 4364 minime
493 4315 519 4363 in
530 4314 579 4364 suis
589 4314 698 4378 operibus
707 4319 865 4377 occupentur:
883 4312 956 4378 [761]
974 4312 1101 4360 nonnullos
1110 4311 1169 4376 ipsis
1179 4311 1257 4375 preli-

162 4395 256 4444 cientea
271 4397 326 4446 loce
340 4396 421 4444 omnia
435 4396 470 4444 its
485 4395 619 4460 disponent,
636 4403 663 4445 ut
671 4411 715 4460 per
726 4409 755 4444 ea
765 4393 860 4443 difficile
869 4394 968 4443 trandre
978 4393 1068 4442 inimici
1078 4391 1177 4456 possint,
1188 4389 1259 4438 surici

163 4491 221 4524 uero
232 4477 348 4533 homines.
361 4476 474 4542 pecudes,
482 4477 574 4542 jugalia
584 4479 673 4538 iecile;
689 4476 775 4540 quibus
784 4476 884 4524 nsexime
895 4474 977 4540 persia
984 4473 1050 4538 regio
1057 4473 1106 4524 lint.
1123 4469 1259 4533 diligenter·

164 4571 213 4620 que
229 4567 364 4621 procurent,
381 4567 407 4608 ut
421 4557 537 4624 plusisles
552 4575 619 4626 sque
629 4575 676 4610 nou
687 4559 762 4608 solum
773 4573 821 4608 uon
831 4564 941 4615 noceant,
952 4570 1032 4606 rerum
1046 4553 1119 4602 etism
1130 4549 1260 4612 coniuent,
