3110 5308
323 477 382 536 ιιι
775 473 975 534 ιιιιοιιιε
1357 479 1407 558 [ιι

316 632 429 695 milisque.
437 629 552 696 vertimus
563 627 712 680 suemus.
726 627 830 692 reliquos
838 637 918 678 sutem
928 629 1033 696 quinque
1044 635 1121 676 motus
1129 627 1159 678 sb
1169 629 1200 678 iis
1207 644 1260 678 sne
1269 629 1345 680 voluit
1352 631 1410 682 siis·

317 727 369 768 uos,
378 711 596 777 utunumquodque
604 711 707 766 illorum,
715 708 794 772 quosd
804 708 856 758 ieri
864 715 951 775 potest,
959 709 1076 773 optimum
1084 718 1156 760 uacet
1171 725 1219 775 qus
1229 727 1260 760 es
1268 725 1341 762 censs
1349 712 1410 764 luctu

316 801 372 843 suut
383 801 446 842 usus
456 794 499 844 ills
513 790 728 854 erroriserpertis,
739 805 791 854 quse
803 788 885 838 divine
896 791 1008 840 mmsis
1020 799 1090 842 sunt:
1103 801 1275 857 propterssque
1290 794 1316 842 in
1327 794 1411 844 eodem

315 890 409 938 semper
423 876 521 924 cncmtu
540 880 698 937 perseverent.
714 885 767 935 quse
779 887 835 920 vero
845 887 905 935 vegs
920 880 1010 920 suntet
1020 873 1129 922 mutsbili
1141 875 1233 924 mucce
1247 875 1365 932 Menon,
1378 877 1411 924 its

315 954 437 1020 deinoepn
450 964 557 1018 utsupra
574 953 685 1008 diximus
697 951 812 1016 dispos'tn
821 961 885 1002 sunt.
908 960 995 1002 terrem
1005 963 1093 1012 sutem,
1104 955 1211 1004 ultricem
1224 963 1336 1013 nossem,
1347 957 1410 1006 circs

314 1037 394 1098 polum
407 1051 451 1100 per
465 1036 599 1090 universum
611 1043 742 1086 extensum,
749 1034 878 1097 alligatam.
895 1033 945 1084 diei
959 1035 1083 1099 noctisque
1095 1035 1241 1086 effectricem
1252 1045 1278 1086 et
1288 1037 1410 1086 custodem

314 1132 366 1166 esee
379 1117 461 1172 voluit,
476 1131 521 1164 nec
534 1131 582 1164 non
596 1116 697 1179 primum
710 1114 943 1178 antiquissimamque
967 1115 1071 1166 Dsomm
1084 1119 1197 1174 omnium,
1207 1119 1247 1182 qui
1256 1119 1411 1168 musculum

313 1206 367 1246 nint
374 1199 457 1262 geniti.
473 1199 555 1248 borum
563 1212 618 1246 vero
636 1195 741 1246 Deorum
749 1196 854 1252 choreus,
862 1204 888 1244 et
896 1196 958 1246 inter
964 1197 1029 1260 ipsos
1042 1199 1216 1256 concursiones,
1225 1199 1410 1264 drudorumqus

312 1279 415 1343 ipsomm
425 1279 583 1328 revolutiones
592 1278 669 1328 vsries
677 1284 703 1324 et
712 1291 829 1333 sccesms,
840 1277 923 1340 quoles
930 1286 1046 1342 preterea
1054 1279 1113 1328 fient
1120 1281 1240 1346 conjuncti
1248 1280 1294 1329 sibi
1306 1281 1410 1332 invicem

312 1360 351 1410 vel
358 1360 468 1424 oppon‘ti,
475 1360 525 1408 sive
536 1369 592 1408 ente
598 1359 661 1408 inter
669 1373 694 1406 se
701 1357 826 1414 cinereus,
833 1358 920 1422 quidve
932 1359 1067 1408 suillorum
1073 1361 1136 1410 serie
1144 1361 1212 1410 nobis
1220 1362 1410 1426 prormistqui·

311 1441 355 1490 bus
372 1442 517 1505 temporibus
529 1452 555 1488 et
565 1455 612 1504 quo
624 1452 696 1504 pecto
706 1438 849 1488 delitescunt
862 1440 950 1504 singuli
959 1442 999 1490 vel
1010 1449 1139 1505 emergunt,
1153 1442 1241 1506 quidve
1258 1441 1407 1506 pmtecdsnt,

311 1522 407 1587 qunndo
422 1523 525 1572 orientes
542 1521 675 1570 bominibus
684 1521 767 1568 bunum
778 1535 856 1568 rorum
865 1521 948 1584 peritis
962 1523 1071 1572 timorem
1084 1523 1211 1580 incutiunt,
1227 1525 1285 1579 bne,
1301 1524 1407 1588 iuqusm,

311 1603 391 1655 omniu
398 1603 486 1668 ubsque
498 1602 608 1666 diligenti
618 1603 793 1650 simulacrorum
805 1601 909 1666 ipsorum
924 1603 1072 1666 inspecu'one
1084 1604 1204 1667 explicere
1213 1605 1275 1654 selle
1284 1604 1362 1654 innuis
1369 1611 1409 1654 est

314 1684 388 1738 labor.
398 1683 442 1732 sed
452 1683 483 1732 de
493 1684 610 1740 bissstis:
623 1691 648 1732 et
654 1684 712 1748 jum,
722 1698 774 1746 quae
784 1682 814 1730 de
823 1690 907 1732 nsmrs
919 1684 1025 1734 Deorum
1034 1685 1136 1742 illorum,
1144 1687 1186 1750 qui
1196 1686 1408 1750 tulesgsuitissnt,

315 1773 342 1817 ut
349 1772 481 1821 cernuntur,
489 1763 591 1822 dicenda
599 1772 673 1820 erent,
683 1764 871 1812 linemhebssnt.
890 1763 1029 1814 Ceteronrm
1037 1781 1103 1822 vero.
1111 1768 1153 1832 qui
1159 1767 1279 1824 &mones
1286 1767 1408 1832 sppsllsn·

314 1853 359 1904 tur,
374 1855 400 1894 et
413 1853 594 1910 cognoscereet
609 1845 732 1899 enuntiare
745 1854 822 1892 orosm
834 1845 910 1910 majus
924 1853 961 1894 est
975 1861 1044 1910 opus,
1053 1863 1125 1912 quum
1143 1849 1203 1898 ieris
1217 1857 1323 1898 nosunm
1332 1848 1411 1897 uleus

313 1926 443 1990 ingenium.
451 1925 535 1990 priscis
544 1926 626 1990 iusque
635 1925 692 1974 viris
703 1927 748 1974 buc
759 1926 785 1974 in
794 1941 820 1974 re
832 1925 977 1976 credendum
986 1936 1031 1984 est,
1043 1930 1084 1991 qui
1095 1928 1149 1978 Diis
1157 1931 1240 1993 geniti,
1250 1938 1278 1978 ut
1286 1930 1333 1992 ipsi
1344 1927 1409 1978 dics·

314 2006 380 2064 bmt,
391 2016 502 2071 parentes
512 2023 567 2056 suos
579 2007 669 2070 optime
678 2016 801 2054 noverunt.
808 2007 955 2070 impossibile
966 2023 1024 2058 suns
1047 2009 1154 2058 Deomm
1163 2011 1219 2060 tiliis
1228 2010 1300 2058 iidem
1309 2025 1358 2060 nou
1367 2011 1409 2060 bs·

314 2087 378 2146 bere,
393 2089 451 2136 iicet
462 2103 507 2138 nec
523 2087 663 2144 necessariis
678 2102 723 2136 noc
742 2088 909 2136 verisimilibus
922 2089 1052 2138 rationibus
1066 2106 1147 2140 eorum
1161 2092 1234 2140 cretio
1251 2091 1411 2140 confirmetur.

315 2184 396 2218 rerum
404 2169 460 2234 quis
473 2168 503 2216 de
514 2169 651 2218 domesticis
660 2167 729 2216 rebus
744 2169 809 2232 loqui
818 2184 844 2216 se
859 2169 1014 2226 affirmabant,
1024 2185 1074 2226 nos,
1085 2171 1163 2234 legem
1174 2172 1257 2226 socri,
1267 2169 1338 2220 idsm
1346 2185 1410 2234 pro·

315 2251 435 2300 stabimus.
446 2252 480 2299 sic
488 2250 567 2314 igion,
574 2258 601 2298 ut
609 2249 638 2298 sb
645 2249 682 2297 bis
692 2257 729 2298 est
736 2249 858 2306 eruditum,
867 2251 951 2300 borum
967 2251 1072 2303 Deonsm
1083 2253 1202 2316 generatio
1211 2252 1324 2302 bebestur
1336 2261 1411 2317 utque

315 2331 414 2380 dicetur.
430 2331 509 2380 Terree
521 2329 629 2396 Coelique
645 2331 689 2378 lilii
697 2330 808 2380 Oceanus
823 2343 849 2380 et
858 2331 949 2397 Tethys
961 2333 1033 2382 luisse
1046 2332 1168 2392 nudentur
1178 2351 1184 2380 ι
1199 2333 1229 2382 nb
1243 2334 1275 2382 iis
1288 2333 1408 2398 Phorcys,

315 2413 429 2462 Saturnus
440 2420 465 2460 et
474 2411 545 2460 Rbes
553 2413 635 2476 geniti,
645 2419 671 2460 et
676 2413 763 2476 reliqui
774 2413 857 2462 horum
867 2413 957 2462 intres
966 2429 997 2462 ex
1013 2413 1113 2464 Saturno
1123 2413 1179 2480 [dl]
1191 2423 1217 2462 et
1225 2414 1305 2470 libes,
1315 2413 1411 2480 Jupiter

315 2501 341 2540 et
349 2492 366 2542 J
368 2508 414 2540 uno
425 2500 450 2540 et
456 2493 550 2556 reliqui,
562 2509 621 2556 quoe
630 2509 712 2544 eorum
719 2495 803 2542 irenes
811 2493 917 2558 quotidie
928 2496 1053 2545 memorari
1064 2496 1181 2552 eudimus,
1190 2496 1240 2544 nuti
1249 2495 1369 2546 dicuntur·
1378 2511 1409 2548 ex

314 2572 353 2620 his
361 2572 482 2637 deinceps,
492 2581 519 2622 ut
528 2573 635 2630 truditur,
643 2575 694 2623 ulii.
711 2575 841 2639 Postquam
848 2577 893 2624 orti
904 2583 960 2624 sunt
967 2591 1057 2632 omnes,
1067 2585 1093 2626 et
1101 2578 1142 2641 qui
1151 2579 1212 2626 coelo
1220 2579 1345 2626 volvuntur
1355 2577 1407 2634 Dii,

315 2654 401 2705 nostris
411 2655 487 2704 oculis
499 2655 627 2712 mnniicsti,
639 2657 713 2720 etqui
726 2663 825 2706 emenus
834 2657 902 2706 nobis
912 2658 1035 2722 conspicui
1047 2659 1114 2715 flunt,
1128 2668 1245 2722 quotenus
1256 2659 1303 2724 ipsi
1316 2659 1408 2710 volunt·

314 2741 365 2784 turn
375 2734 406 2782 ud
414 2750 460 2784 eos
471 2735 554 2784 mundi
565 2738 657 2800 genitor
667 2738 701 2786 itu
714 2737 789 2786 latiur:
808 2737 854 2786 Dii
862 2738 968 2796 deorum,
981 2755 1080 2803 quorum
1088 2739 1169 2804 opifex
1181 2755 1228 2804 ego
1235 2749 1261 2789 et
1270 2748 1336 2804 puter
1345 2755 1408 2796 m,

315 2815 367 2864 hec
382 2815 505 2865 attendite.
521 2833 573 2882 qun
583 2833 643 2874 eme
656 2818 720 2868 lectu
729 2825 792 2875 sunt,
802 2834 840 2866 me
851 2819 886 2868 its
897 2821 993 2870 volente
1003 2821 1176 2870 indissolubilis
1185 2830 1248 2872 nunt
1256 2836 1325 2870 osone
1333 2821 1408 2886 siqui·

316 2895 453 2962 dem,‚quod
460 2898 566 2946 vinctum
574 2906 618 2956 est,
628 2899 689 2948 solvi
699 2908 779 2964 potest
788 2915 795 2958 ;
806 2899 849 2948 sed
857 2901 915 2950 msli
925 2909 971 2957 est,
981 2901 1045 2966 quod
1053 2903 1151 2965 pulchre
1159 2904 1314 2967 compositum
1322 2911 1360 2952 est
1368 2917 1407 2952 ss·

316 2992 362 3042 que
370 2977 731 3038 bebetbennrelledissolvere.
747 2990 897 3048 quopropter,
908 2983 965 3046 quis
970 2984 1077 3047 genoesti
1082 2983 1150 3040 ew,
1159 2983 1408 3048 immotosquden

316 3068 343 3115 et
355 3059 531 3116 indissolubiles
541 3061 636 3118 omuino
649 3077 698 3110 nou
709 3063 774 3112 estis.
785 3078 832 3112 nec
841 3071 922 3112 nmen
930 3079 1035 3129 unquam
1047 3063 1216 3121 dissolvemini,
1226 3081 1271 3114 nec
1280 3065 1363 3116 mortis
1370 3065 1407 3114 is-

316 3145 367 3188 tum
381 3141 497 3190 subibitis.
511 3156 568 3190 nsm
580 3144 689 3192 voluntas
702 3159 756 3193 mee
764 3145 843 3209 majus,
851 3146 1050 3210 prestantiusque
1060 3145 1127 3196 robis
1136 3155 1174 3196 est
1182 3147 1299 3196 vinculum
1307 3145 1339 3194 sd
1350 3146 1408 3196 rit·

317 3219 451 3274 emtodism
457 3237 527 3286 quam
536 3239 611 3272 uerus
619 3225 663 3281 illi,
674 3225 757 3290 quibus
768 3227 826 3275 estis
836 3233 901 3282 usne,
911 3241 965 3276 cunr
973 3227 1142 3290 gignebamini,
1154 3228 1266 3292 colligsu'.
1291 3227 1335 3276 sed
1342 3241 1408 3276 nunc

312 3298 371 3364 jum,
381 3303 439 3368 quid
445 3302 551 3368 jubeam,
560 3306 703 3369 cognoscite.
711 3307 758 3356 triu
765 3307 843 3356 adbuc
852 3321 939 3370 genem
945 3309 1154 3358 mmtsliunrnobis
1162 3307 1298 3373 mersnds
1305 3315 1410 3360 rsmts

316 3383 403 3448 ubsque
414 3385 498 3434 bonnm
505 3387 658 3450 generatione
665 3389 751 3436 colum
757 3388 921 3451 imperfectum
930 3390 982 3440 erit
997 3390 1078 3438 omnis
1087 3391 1151 3440 euim
1159 3391 1314 3440 nmmum
1321 3403 1411 3454 geum

318 3465 408 3514 erubitu
415 3481 457 3516 suo
465 3481 512 3516 non
521 3468 658 3518 continebit.
674 3469 795 3518 continent
803 3475 992 3534 untem'oportst,
1001 3471 1022 3519 si
1031 3479 1069 3520 est
1077 3471 1180 3522 mundus
1184 3472 1281 3522 omnino
1290 3470 1409 3535 periurum

317 3544 415 3596 inuisus.
430 3548 481 3596 baec
491 3549 578 3597 verosi
588 3550 879 3615 umelimtsolovituquc
890 3551 1016 3608 donnum,
1028 3552 1083 3602 Diis
1090 3552 1284 3618 sdsqnsbunbrr·
1291 3565 1410 3616 quoprop-

316 3633 352 3674 ter
361 3627 467 3676 uccedite
478 3643 520 3678 vos
528 3628 658 3678 secundnm
666 3640 773 3680 nsnsrsm
781 3632 813 3680 sd
823 3633 961 3684 unimulium
968 3634 1152 3697 gmoeumem,
1161 3635 1196 3682 its
1202 3643 1231 3684 ut
1240 3634 1289 3684 vim
1296 3631 1410 3682 buitemi·

317 3707 344 3756 ni
352 3722 438 3766 meum,
448 3725 497 3774 qus
504 3710 529 3760 in
540 3718 592 3760 ortu
602 3720 681 3762 vestro
696 3728 748 3762 sum
765 3728 828 3762 usus.
852 3721 924 3779 etque
939 3714 991 3780 ejus
999 3715 1096 3779 quidem
1110 3715 1228 3772 epimelis,
1238 3714 1303 3779 qnod
1314 3715 1341 3764 in
1351 3713 1413 3778 ipn's

317 3789 366 3836 tele
377 3788 481 3840 murrum
491 3799 535 3850 est,
545 3800 573 3842 ut
582 3809 637 3842 cum
644 3794 815 3844 immortalibus
823 3796 983 3859 uppellutione
994 3797 1127 3852 conveniet,
1138 3796 1293 3862 divinumque
1303 3802 1411 3852 roceum,

317 3867 520 3936 principatumque
529 3881 618 3931 teneat,
627 3883 652 3922 et
655 3875 772 3940 justitium
782 3876 852 3924 smol
863 3892 891 3926 nc
900 3893 942 3926 vos
954 3878 1015 3926 ultro
1024 3878 1095 3934 colet,
1103 3892 1149 3941 ego
1158 3877 1225 3928 vobis
1235 3891 1318 3926 umen
1328 3883 1354 3926 st
1361 3876 1409 3926 ini·

317 3948 378 4006 tium
385 3950 490 4000 undum:
502 3969 544 4002 vos
552 3963 631 4004 cetere
639 3957 737 4021 exsequi
747 3971 790 4020 per
799 3966 845 4014 est,
855 3966 882 4006 ut
892 3958 1019 4008 immortali
1031 3966 1122 4007 uenires
1133 3960 1257 4008 mortslem
1266 3965 1411 4012 coemto,

317 4028 410 4092 ΜΨ
417 4032 581 4098 Senemque
592 4036 711 4096 emmelis,
721 4038 972 4104 subministrensssquc
983 4039 1098 4088 nimenta
1111 4041 1225 4104 sugentis,
1236 4047 1262 4089 et
1271 4046 1414 4103 consmpts

318 4125 409 4158 nusum
418 4111 546 4180 recipietis.
562 4114 622 4165 Haec
633 4117 729 4166 busin
739 4119 825 4170 ecdem
833 4135 911 4170 rursus
924 4128 1022 4177 caure,
1032 4121 1115 4185 inquo
1123 4121 1207 4170 mundi
1216 4122 1290 4172 wtius
1305 4121 1411 4170 m

317 4191 462 4256 permiscens
466 4200 645 4258 temperaverat,
651 4200 778 4262 superioris
785 4202 963 4265 temperationis
970 4201 1084 4266 reliquias
1091 4203 1214 4252 miscermo
1219 4200 1333 4267 perbsdit,
1341 4202 1413 4250 modo

317 4271 420 4338 quodum
429 4271 502 4324 ferme
511 4276 604 4328 eodem.
619 4295 668 4328 non
677 4288 758 4330 lunen
769 4283 887 4346 perlectus
895 4283 1011 4339 similiter,
1020 4283 1064 4332 sed
1073 4291 1100 4332 et
1108 4284 1214 4333 secundo
1221 4291 1247 4332 et
1255 4284 1327 4332 tertio
1336 4281 1412 4347 qndu

317 4353 422 4418 sprimis
432 4353 578 4406 deficientes.
594 4359 696 4424 deniqne
706 4377 760 4410 cnm
775 4364 911 4417 unisonum
928 4363 1176 4428 consummabis
1192 4379 1275 4429 psrem
1285 4379 1412 4414 numerum

316 4434 437 4484 distribuit
445 4437 582 4495 animarum,
593 4440 691 4504 singulis
700 4442 806 4507 singrdse
822 4445 945 4502 adhibens,
957 4446 1039 4510 eisque
1049 4454 1161 4512 tunqusm
1175 4447 1286 4496 vehiculo
1295 4446 1415 4510 impurius

317 4519 455 4568 moneurvit
470 4519 572 4568 universi
591 4529 706 4581 naturum,
716 4539 744 4573 so
761 4527 827 4588 leges
844 4527 928 4578 letales
943 4527 1019 4576 edixit
1028 4545 1036 4588 3
1051 4527 1180 4578 mordens
1197 4527 1295 4594 quidem
1309 4527 1412 4592 primm
