3098 5314
267 499 325 560 ooo
708 483 909 548 ressonis
1288 483 1369 562 [rer

271 655 341 702 tinem
352 651 479 714 imponere.
498 664 545 713 quo
557 647 620 696 iacto
629 643 786 694 communiter
795 657 848 691 cum
859 641 901 690 illo
911 637 1052 693 consideret,
1063 636 1122 702 quid
1130 652 1161 686 es
1171 637 1243 688 dietis
1253 637 1375 694 maim-at,

268 735 357 800 quidve
367 731 470 780 serendis
480 730 572 794 legibus
580 726 724 777 adversetur.
739 740 794 773 uam
812 739 872 788 opus
892 719 997 784 undique
1007 719 1052 768 sibi
1063 719 1109 782 ipsi
1118 721 1276 776 mareotim.
1287 715 1376 770 attila

272 815 348 863 omnis
360 813 447 876 ubique
459 827 528 876 agore
539 809 623 864 debet‚'
632 809 705 858 edam
723 805 749 854 in
759 821 785 854 re
796 805 893 854 minima
905 820 911 849 ε
929 803 950 850 oi
961 799 1030 850 modo
1041 801 1071 856 sit.
1081 800 1175 850 laudem
1193 810 1376 852 comtum·

273 895 346 944 Nunc
353 896 403 962 jam
411 900 466 957 post
474 892 599 941 duodecim
608 889 708 954 partium
728 887 914 936 distributionem
931 881 1164 932 animadvertendum
1175 889 1219 939 est,
1230 883 1303 948 quod,
1315 899 1375 934 cum

273 975 400 1026 duodecim
411 983 489 1038 partes
507 974 559 1021 istro
571 971 682 1036 plurimrs
693 969 718 1017 iu
730 984 756 1016 se
777 966 896 1032 perderes
914 964 1107 1030 portionibusque
1118 965 1377 1014 monusetoriautia

275 1072 304 1104 er
318 1056 429 1104 connexis
445 1054 556 1108 habeant,
567 1067 641 1116 usque
663 1049 694 1098 sd
704 1050 808 1114 quinque
827 1047 903 1096 millia
913 1054 939 1094 et
959 1045 1122 1108 quadraginta.
1139 1045 1202 1092 unde
1214 1055 1239 1094 et
1261 1047 1336 1094 tribus
1348 1054 1377 1094 et

274 1144 358 1201 gentes
368 1144 393 1184 et
402 1135 467 1184 vicos
476 1135 572 1190 hsbent,
583 1142 608 1181 et
620 1132 651 1180 ad
660 1148 710 1180 reos
721 1131 832 1180 bellicam
849 1127 944 1176 ordines
954 1135 1024 1189 etque
1035 1123 1128 1182 doctiss,
1137 1141 1244 1176 nummos
1252 1135 1375 1190 materna

274 1225 300 1266 et
310 1231 430 1264 monsone
439 1216 554 1266 siccorum
566 1221 637 1278 atque
650 1213 805 1266 humidomm,
816 1217 842 1256 et
859 1209 964 1270 pondma
974 1206 1090 1262 similiter,
1101 1206 1152 1254 herc
1163 1207 1240 1254 omisis
1248 1223 1376 1256 commen-

276 1309 356 1346 surata
365 1304 390 1344 et
401 1312 504 1345 consona
523 1297 584 1344 inter
595 1311 621 1343 se
641 1309 656 1340 a
672 1293 806 1356 legislatore
822 1287 925 1338 ordinari
945 1288 1041 1334 debent.
1058 1295 1173 1350 praterea
1183 1287 1309 1337 timendum
1320 1305 1376 1340 mon

277 1377 523 1442 esepueittsntmiotis
543 1376 633 1440 opinio,
644 1373 712 1438 qumi
731 1387 804 1436 pem
823 1369 924 1418 nimium
947 1367 1225 1432 considerationem
1240 1369 1333 1434 jubeat,
1346 1383 1378 1420 or

277 1473 335 1508 vasa
342 1468 367 1508 et
376 1458 534 1522 supellectilia
544 1457 632 1505 uirium
650 1453 728 1504 omnia
749 1465 881 1500 meneutam
900 1450 1003 1498 babeant
1013 1463 1086 1504 suam,
1097 1449 1233 1514 ussllumqoe
1244 1452 1293 1500 sine
1303 1460 1377 1502 certa

277 1555 384 1590 meusms
395 1537 542 1602 possideatur
553 1555 558 1584 :
579 1536 651 1602 [iti]
662 1543 688 1583 et
704 1535 822 1584 commum
838 1533 929 1582 mtioue
947 1538 1043 1580 censen
1059 1530 1091 1578 ad
1110 1532 1189 1580 omnia
1199 1534 1309 1596 pmofiles
1318 1549 1377 1584 esse

281 1635 429 1670 numerorum
452 1618 590 1682 partitiones
606 1617 788 1680 varietatesque,
806 1613 936 1664 secordom
953 1627 1012 1676 quas
1030 1621 1057 1660 ct
1076 1611 1122 1676 ipsi
1134 1615 1196 1662 inter
1206 1615 1379 1678 seipsosrssii

281 1709 345 1758 sunt,
356 1708 382 1748 et
389 1701 415 1749 iu
425 1699 574 1764 longitudine
585 1707 610 1746 et
621 1696 781 1764 profunditate
791 1711 819 1746 ac
830 1695 927 1746 vocibus
938 1694 1073 1742 varietatem
1083 1694 1212 1760 adpone
1231 1697 1258 1744 in
1277 1697 1382 1746 motibus

282 1797 384 1846 quoqne,
405 1789 453 1829 trnr
474 1789 537 1830 recto
557 1787 623 1828 moto
642 1777 793 1828 ascendendo
812 1778 852 1826 rel
873 1775 1048 1832 descaodendo,
1065 1791 1133 1840 quam
1156 1778 1264 1828 οὶιωίιιι.
1279 1779 1309 1827 sd
1326 1781 1380 1828 lisso

283 1863 363 1912 omnia
375 1863 408 1910 ita
417 1861 533 1925 respicere
553 1860 625 1909 debet
641 1861 770 1926 legislator,
780 1867 807 1908 ot
829 1857 920 1908 tisibus
937 1856 1045 1906 omuibus
1064 1857 1236 1922 precipiatne
1257 1861 1287 1908 ab
1297 1861 1380 1924 bojoa-

282 1943 348 1992 modi
369 1957 515 1991 numerorum
535 1941 626 1998 ordine,
646 1939 725 2006 quoad
741 1939 992 2012 possunt,ds'seedsot.
1008 1939 1146 1988 nullaeninr
1157 1941 1381 2007 disonspoeeifiss

283 2025 418 2088 discipline,
438 2024 470 2072 ad
490 2024 526 2072 rei
543 2023 663 2072 familiaris
684 2022 886 2088 gubernationem,
907 2020 936 2070 ed
957 2021 1257 2084 emporitanense„
1277 2025 1382 2090 denique

283 2107 402 2154 universes
410 2113 500 2154 tantam
509 2105 581 2154 habet
590 2104 646 2160 rien,
655 2112 767 2168 quautam
775 2101 909 2167 hujusmodi
919 2117 1068 2152 numerorum
1077 2104 1188 2167 cognitio.
1195 2105 1303 2171 quodque
1313 2123 1381 2154 mar·

285 2187 357 2235 inrum
380 2194 424 2243 est,
435 2187 594 2234 somnolentos
615 2186 732 2234 etiamst
754 2193 838 2234 natura
858 2184 930 2232 mdes
946 2184 1081 2240 eraserint,
1100 2193 1126 2234 et
1144 2186 1238 2245 dociles,
1252 2193 1378 2246 umores,

285 2269 441 2331 sollertesqoa
457 2267 619 2331 lecit,prater
639 2275 746 2316 uatunm
764 2281 829 2314 suam
851 2266 933 2314 diviua
952 2273 1002 2316 arte
1019 2267 1173 2330 proficientes.
1205 2269 1265 2326 Qun
1279 2269 1381 2334 wdern

287 2349 375 2406 omnia,
386 2349 407 2396 si
417 2348 486 2396 modo
498 2349 591 2412 legibus
601 2349 653 2396 aliis
671 2357 742 2413 atque
757 2347 839 2400 officiis
858 2346 1003 2396 illiberalitas
1021 2357 1046 2396 et
1056 2349 1155 2398 avaritia
1163 2365 1194 2398 ex
1204 2367 1284 2400 eorum
1294 2352 1380 2401 animis

220 2473 222 2480 .
288 2430 416 2492 esstirpata
426 2430 465 2484 sit,
477 2429 519 2494 qoi
528 2444 558 2478 ea
568 2430 712 2478 sufficienter
721 2437 747 2479 et
757 2429 846 2478 utiliter
856 2429 986 2492 sucepturt
996 2428 1054 2486 sint,
1066 2431 1129 2480 bons
1138 2430 1271 2481 rudimenta
1281 2440 1307 2482 et
1316 2449 1382 2482 oom-

288 2508 430 2557 modasunt.
446 2509 683 2566 sinminus,malitia
701 2510 926 2573 hincpotiosquam
946 2509 1063 2572 sapientia
1081 2511 1142 2560 olam
1162 2513 1277 2577 originem
1287 2515 1384 2564 ostes:

288 2588 354 2654 qood
373 2589 491 2653 AEgyptiir
502 2598 528 2638 et
548 2589 699 2638 Ptrenieibtn
715 2589 841 2652 multisque
859 2589 912 2636 eliis
928 2590 1036 2652 gentibus
1050 2607 1113 2640 nuno
1130 2593 1235 2642 ridemus
1245 2596 1387 2659 contingere

291 2651 388 2734 propter
398 2677 527 2716 ceterarum
537 2669 621 2716 artium
632 2669 818 2732 facultatumque
829 2669 1011 2718 illiberalitsteru
1024 2689 1031 2720 r
1048 2673 1097 2722 aire
1107 2673 1160 2738 quis
1168 2675 1233 2722 rudis
1241 2676 1389 2740 legumlator

291 2745 317 2798 id
329 2749 421 2804 lecerit,
432 2749 482 2798 sire
491 2749 584 2798 fortuna
592 2749 691 2804 inicum,
702 2749 752 2798 sire
763 2749 811 2798 alia
821 2750 953 2814 hujusmodi
962 2751 1070 2814 quaedam
1080 2763 1167 2802 natura.
1184 2771 1228 2803 nec
1238 2757 1303 2804 euim
1313 2757 1389 2816 illud,

292 2831 404 2882 oclinia
423 2839 449 2878 et
469 2830 577 2894 Megille,
599 2847 643 2880 uos
661 2830 744 2894 lugiet,
764 2847 875 2894 magnm
896 2846 948 2880 esse
968 2833 1068 2882 locorum
1090 2833 1119 2880 ad
1140 2835 1251 2884 ferendos
1274 2839 1389 2887 metim

293 2913 434 2978 pejoresque
446 2911 552 2960 homines
562 2911 722 2960 differentiam
734 2929 739 2958 :
758 2912 841 2976 quibus
857 2912 959 2970 diversa,
967 2923 1035 2977 prout
1044 2916 1144 2978 expedit,
1154 2917 1247 2980 legibus
1256 2921 1391 2969 munienda

294 3001 357 3042 sumt.
373 2991 461 3056 quippe
483 2992 523 3041 elii
544 2993 658 3042 redemta
678 2999 799 3042 ventorum
821 3001 847 3042 et
862 2994 954 3044 turbine
976 2995 1079 3046 difficiles
1099 3005 1123 3044 et
1143 3001 1245 3060 protervi
1253 3009 1327 3048 sont:
1345 2999 1395 3050 alii

293 3081 389 3140 propter
401 3087 472 3136 aquae
483 3089 489 3132 ;
506 3073 547 3120 alii
557 3081 653 3138 propter
662 3073 736 3131 cibos,
755 3075 796 3138 qui
817 3089 848 3124 ex
858 3084 921 3124 terra
930 3093 979 3126 non
990 3077 1065 3126 solum
1073 3080 1204 3144 ompodbus
1214 3082 1333 3129 commodi
1343 3091 1392 3130 snt

294 3153 439 3204 incommodi
450 3155 562 3210 oriuntur,
581 3171 662 3204 rerum
677 3153 761 3204 animis
778 3171 873 3220 quoque
890 3153 937 3206 obn
957 3159 1041 3208 minus.
1057 3160 1157 3208 mariam
1173 3169 1251 3209 mmm
1261 3163 1316 3212 loca
1325 3165 1394 3226 regi-

295 3237 349 3286 onis
367 3235 523 3293 disserueram
544 3238 627 3301 quibus
647 3237 770 3302 inspiratio
780 3239 889 3302 quiedam
912 3239 992 3288 divina
1013 3248 1057 3298 est,
1069 3250 1095 3288 et
1112 3257 1165 3306 quse
1183 3243 1303 3292 demones
1312 3245 1394 3294 sortiti

297 3325 358 3374 sont,
370 3317 411 3381 qui
432 3318 565 3366 habitantes
586 3319 681 3383 propia'i
699 3319 737 3366 rel
759 3327 841 3368 contra
860 3321 997 3386 suscipiunt.
1014 3323 1100 3386 quibus
1120 3339 1164 3386 pro
1183 3325 1286 3374 humano
1296 3327 1396 3390 ingenio

298 3399 461 3456 consideratis,
473 3400 556 3448 mentis
573 3415 670 3464 compos
681 3401 760 3465 legum
771 3401 888 3461 moditor,
896 3418 922 3451 se
941 3403 972 3452 ad
988 3404 1174 3468 legesl’erendaa
1183 3413 1312 3456 eonrmtet.
1326 3410 1395 3472 quod

298 3487 323 3527 et
334 3479 377 3526 tibi
387 3487 432 3534 est,
443 3496 458 3527 o
475 3479 562 3536 Clinia,
574 3481 717 3530 isoimdum.
733 3483 798 3545 prius
816 3484 880 3532 eninr
900 3487 950 3533 brec
970 3485 1014 3534 tibi
1025 3485 1233 3536 animadvertenda
1243 3496 1304 3543 sunt,
1315 3503 1394 3551 quam

299 3559 398 3618 habitari
409 3559 483 3608 facias
500 3562 629 3624 regionem.
663 3561 720 3610 Cor.
737 3561 847 3627 Egregie,
866 3581 881 3614 o
900 3566 1052 3616 Atheniensis
1068 3569 1162 3634 hospes,
1182 3570 1231 3618 huc
1241 3569 1284 3618 abs
1293 3577 1317 3618 te
1328 3569 1404 3620 dieta

301 3649 362 3690 sunt.
380 3657 450 3706 quare
460 3651 485 3692 et
497 3643 554 3694 mihi
564 3644 598 3692 ita
608 3653 644 3694 est
654 3641 802 3696 facieudour.

775 3953 878 4030 LIB.
907 3955 977 4033 vt.

308 4110 572 4178 [751]Ρο8ΤοΜίι,
591 4137 644 4186 qum
665 4124 779 4174 hacteuus
799 4124 908 4182 diximus,
929 4126 1002 4174 ferme
1019 4126 1068 4191 jsro
1090 4127 1242 4191 magistratus
1261 4128 1406 4177 incivitate
1512 4145 1513 4164 ἢ

307 4191 466 4240 constituendi
486 4197 601 4249 ridentur.
635 4203 692 4254 Cor.
708 4204 746 4254 Ita
766 4215 838 4256 certe·
872 4206 977 4256 Arsesa.
994 4207 1056 4256 Dure
1077 4209 1183 4272 prolecto
1204 4210 1241 4256 ber
1262 4209 1356 4272 eunica
1380 4211 1409 4258 iu

306 4279 391 4322 ornato
399 4273 534 4337 reipublice
545 4289 607 4331 sont.
623 4284 700 4347 prima
710 4287 888 4352 magistratuum
900 4290 1050 4338 constitutio:
1068 4299 1126 4354 quot
1140 4305 1192 4338 esse
1202 4295 1309 4352 oporteat
1316 4291 1341 4336 et
1351 4305 1410 4352 qno

308 4362 381 4418 pacto
391 4357 511 4407 constitui.
526 4359 599 4410 altera
608 4364 685 4430 legum
695 4369 799 4419 redditio
808 4370 981 4435 magistratibus
992 4389 997 4418 :
1017 4387 1079 4436 qum,
1090 4379 1148 4436 quot
1157 4371 1283 4434 qualeque
1293 4369 1343 4416 sint
1350 4371 1409 4419 ain·

309 4438 372 4500 gulis
393 4447 566 4490 consentanea.
587 4443 629 4492 sed
649 4462 782 4514 pammper,
804 4461 930 4516 numquam
953 4453 1099 4516 magistratus
1118 4454 1238 4515 eligamus,
1253 4453 1412 4506 commorati

310 4521 423 4572 nonnulla
439 4521 470 4570 sd
489 4522 591 4587 ipsorum
608 4527 746 4582 electionem
764 4535 905 4598 pertineatis
925 4533 1079 4586 declaremus.
1121 4535 1176 4584 Cos.
1193 4533 1314 4590 Quaenam
1330 4533 1410 4584 osee?
