3174 5296
137 495 208 576 ιιι]
532 495 731 558 uersuum
756 499 810 560 vr.
1173 501 1233 560 nr

136 661 162 704 et
180 649 311 716 AEginem
329 665 374 700 nos
392 657 481 710 sutem,
500 662 528 702 ut
548 654 606 711 diri,
625 655 750 704 audientes
767 655 843 702 multe
853 652 884 702 de
895 654 965 703 rebus
974 653 1068 710 restris,
1083 653 1237 718 nihilspmts

136 733 289 798 percipimur.
309 746 356 780 nec
373 740 399 780 te
421 734 496 782 intest
513 749 568 784 cem
588 750 642 784 esse
662 735 693 784 ds
711 743 737 783 te
757 737 822 799 spud
840 734 957 797 quosdam
966 735 1115 798 opinionem,
1126 733 1237 799 quamde

136 813 231 862 homine
249 813 373 877 eliquento
383 814 463 864 minos
473 829 545 878 quem
554 817 626 866 decet
635 815 741 866 officioso
748 823 821 880 etque
829 815 929 868 effebiii.
944 823 1066 864 memento
1073 814 1146 880 igitur
1154 828 1238 863 neore

135 896 219 944 seriem
230 910 281 944 esse
293 895 323 942 ed
335 911 374 944 ree
385 896 501 960 gerendus
512 898 631 946 hominum
642 897 831 946 benevolentium
844 913 851 944 ι
869 898 995 946 eusteritee
1012 912 1069 946 sero
1081 895 1237 946 solitudinem

137 976 265 1026 suricorum
275 976 344 1041 perit.
361 976 487 1028 ieiixesto.

667 1231 716 1304 V.

407 1385 520 1436 PLATO
538 1385 729 1436 PERDICCAE
745 1387 838 1436 BENE
854 1386 980 1438 AGERE.

139 1551 277 1602 Eurum
290 1550 361 1606 mesi,
377 1551 574 1614 quemedmodum
588 1552 619 1598 ed
633 1565 672 1599 me
686 1549 808 1614 scripsisti,
816 1559 842 1598 ιιι
850 1551 875 1598 in
886 1566 965 1600 rerum
971 1553 1243 1606 tusrumedminietrsti·

137 1649 185 1682 one
192 1639 366 1696 persentiret.
374 1639 410 1678 est
419 1639 500 1678 sutem
507 1646 597 1686 meum,
605 1631 650 1679 tibi
660 1647 753 1694 quoque
761 1639 786 1679 et
793 1630 823 1680 de
832 1632 885 1680 eliis
892 1632 970 1689 rebus.
977 1635 1178 1696 quemednrocium
1186 1638 1241 1686 reli-

139 1715 181 1776 gio
189 1721 215 1762 et
224 1712 373 1776 hospitslites
383 1712 496 1776 postulet,
505 1712 630 1760 consilium
641 1713 706 1768 dere,
718 1718 744 1760 et
754 1712 953 1775 quemadmodum
970 1714 1087 1778 Euphrsro
1099 1717 1134 1764 uti
1145 1717 1241 1766 debees.

140 1794 250 1859 proiecto
265 1794 302 1842 vir
315 1793 356 1842 ille
374 1794 405 1841 nd
417 1793 490 1840 multe
502 1793 566 1840 utilis
576 1808 631 1841 esee
640 1801 727 1857 potest,
739 1793 839 1840 merisne
851 1809 906 1842 sero
917 1793 948 1842 ed
959 1795 992 1851 id,
1003 1795 1070 1860 cujus
1081 1805 1107 1845 ιιι
1115 1798 1241 1860 plurimum

139 1875 236 1940 indiges
257 1875 289 1923 ob
308 1881 422 1935 retorem
440 1873 570 1937 presertim
591 1889 647 1922 oum
667 1873 731 1921 iseud
750 1873 819 1922 nutriti
840 1875 998 1937 reperientur,
1016 1875 1057 1939 qui
1075 1878 1107 1924 de
1123 1877 1154 1924 iis
1173 1879 1244 1927 rebus

141 1955 269 2008 consilium
277 1955 406 2019 juvenibus
416 1955 498 2004 idonei
508 1955 556 2002 sint
566 1955 660 2004 efferre.
678 1961 716 2002 eet
727 1955 790 2002 enim
799 1969 844 2002 vox
853 1953 964 2018 quedem
972 1955 1157 2021 uniuscujusque
1166 1959 1244 2008 civilis

143 2035 328 2102 gubernetiouis,
340 2037 404 2084 velut
414 2035 554 2084 enimelium
564 2035 723 2099 quorundum.
731 2051 789 2084 nem
798 2035 871 2084 eiiem
882 2036 1012 2099 populeris,
1024 2037 1095 2085 elism
1106 2053 1243 2102 prucorum,

143 2120 216 2168 elium
226 2118 297 2166 unius
308 2117 448 2182 gubernatio
460 2131 543 2165 rooem
553 2115 649 2164 emittit.
664 2118 708 2164 ires
717 2117 853 2180 intelligere
864 2116 932 2164 multi
943 2117 1082 2180 profitentur
1094 2136 1101 2166 c
1119 2119 1162 2167 sed
1172 2120 1244 2184 longe

143 2201 229 2250 ebrunt
239 2200 270 2248 eb
281 2198 445 2262 intelligendo,
458 2205 544 2261 preter
554 2196 683 2246 edmodum
694 2212 792 2261 peuces.
825 2197 887 2255 Ques
898 2197 970 2260 igitur
978 2197 1117 2261 gubernatio
1125 2201 1245 2263 propriem

144 2297 226 2330 sotem
237 2295 294 2344 erge
305 2279 371 2328 Deos
382 2287 406 2328 et
416 2293 472 2342 erge
483 2277 591 2326 homines
600 2277 695 2334 emittit,
705 2285 924 2342 consentaneaque
935 2277 989 2328 soci
1000 2279 1107 2328 notiones
1115 2279 1204 2344 reddit,
1216 2295 1246 2331 ee

146 2362 207 2412 siret
213 2377 306 2424 semper
315 2369 386 2424 etque
397 2367 509 2408 semitm.
526 2359 620 2422 quodsi
632 2373 713 2408 sotem
724 2359 820 2408 ulterius
830 2359 944 2416 imitetur,
964 2360 1085 2409 interitum
1102 2362 1195 2426 recipit.
1212 2363 1244 2410 ed

146 2445 198 2491 inec
209 2442 341 2506 Euphemes
351 2442 394 2489 tibi
403 2441 511 2505 perutilis
521 2455 574 2489 esse
586 2439 689 2503 poterit:
706 2439 815 2503 quemvis
830 2449 856 2488 st
880 2440 912 2488 sd
929 2441 1024 2489 elierir
1034 2441 1151 2490 sortierit.
1168 2442 1243 2508 [ΒΜ]

145 2525 251 2572 retiones
261 2523 323 2570 enirn
341 2523 492 2577 menuthin,
510 2521 583 2569 idest
594 2520 738 2584 principetur
748 2522 827 2577 uuiue,
839 2535 887 2569 non
899 2521 976 2568 minus
986 2537 1059 2584 quem
1069 2537 1118 2580 eos,
1129 2525 1169 2587 qui
1181 2524 1246 2587 epod

147 2611 248 2660 terunt,
260 2618 314 2652 enm
323 2603 474 2651 inventurum
484 2617 538 2651 esse
550 2617 628 2666 spero.
646 2603 676 2650 ed
689 2601 739 2651 hnc
750 2602 824 2665 igitur
833 2602 877 2650 ilio
889 2601 961 2650 frctus
971 2601 1099 2650 utilitatem
1110 2619 1138 2651 ex
1150 2619 1180 2651 eo
1191 2619 1247 2668 per·

148 2685 231 2749 cipies,
244 2693 269 2732 et
279 2684 367 2732 referes
376 2684 422 2748 ipsi
435 2693 460 2731 tn
471 2683 559 2730 deinde
570 2697 641 2746 quem
647 2683 783 2746 plurimam.
800 2683 862 2746 quod
875 2683 959 2746 siquis
968 2685 1018 2731 hmo
1026 2683 1124 2731 eudiens
1133 2683 1245 2748 objiciet:

147 2766 220 2815 Pluto
238 2765 336 2829 quidem
353 2765 484 2828 profitetur,
503 2779 557 2827 quie
575 2763 606 2810 ed
624 2765 764 2826 popularem
775 2771 863 2811 statum
873 2763 1005 2819 conserent,
1017 2765 1169 2828 intelligere3
1186 2781 1247 2814 nun·

148 2863 221 2912 quens
232 2853 321 2902 temen,
332 2845 390 2893 licet
399 2844 492 2893 occasio
500 2843 557 2892 dete
568 2845 646 2900 fucrit,
656 2843 682 2891 in
694 2845 790 2892 ciritete
802 2860 843 2891 sus
855 2845 953 2892 surrexit
967 2844 998 2892 ed
1015 2846 1142 2893 consilium
1157 2848 1247 2910 populo

148 2927 326 2976 exhibendum:
344 2926 373 2972 sd
387 2927 437 2974 hec
445 2923 636 2988 respondebisne,
647 2925 774 2972 Platonem
784 2940 837 2972 sero
847 2926 945 2972 tendem
955 2925 1028 2973 inisse
1038 2927 1064 2972 in
1075 2928 1159 2990 petrie,
1169 2943 1247 2992 popu·

149 3010 246 3072 iumqne
263 3005 391 3056 offendisse
398 3007 447 3070 jem
458 3013 634 3060 senescentem,
645 3006 849 3067 essueinctumque
863 3021 904 3067 per
918 3006 980 3060 ilios,
992 3007 1033 3068 qui
1043 3017 1099 3054 ente
1110 3024 1135 3055 se
1145 3008 1248 3067 suerent,

149 3091 226 3139 multe
236 3089 331 3136 diverse
340 3087 420 3135 iecere
439 3101 454 3133 e
470 3086 570 3134 consilio
581 3099 631 3132 suo.
647 3099 702 3130 nsru
714 3084 878 3139 libentissime,
890 3093 915 3131 ut
927 3085 1027 3147 percuti,
1037 3085 1072 3132 iiii
1083 3088 1248 3146 consuluisset,

148 3171 196 3219 nisi
204 3170 293 3218 frustm
304 3181 330 3214 se
345 3167 423 3230 ipsum
438 3165 544 3228 peneum
555 3163 716 3226 subjecturum
728 3163 895 3210 existimasset.
911 3164 976 3211 idem
986 3179 1081 3227 quoqne
1097 3167 1160 3214 circe
1170 3171 1249 3216 consi·

149 3252 209 3300 lium
220 3249 280 3296 mihi
288 3247 391 3294 futurum
401 3245 520 3293 existimo.
536 3243 556 3292 si
567 3245 632 3291 enim
643 3243 788 3292 insenebiles
798 3243 937 3301 videremur,
950 3259 974 3292 re
985 3243 1084 3292 dimisse
1096 3246 1159 3293 omni
1171 3248 1201 3295 de
1208 3263 1247 3296 me

150 3332 258 3396 meisque
270 3327 369 3378 consilio
379 3326 518 3375 obstineret.
534 3332 585 3374 esto
596 3323 663 3375 felix.

669 3603 739 3678 Vl.

238 3790 350 3842 PLATO
368 3790 520 3841 HERMIAE
538 3789 669 3839 unnsTo
686 3790 729 3840 ΕΤ
751 3787 900 3840 CORISCO
918 3786 1012 3837 BENE
1039 3787 1166 3840 renisu.
1195 3827 1198 3832 .

153 3949 227 3998 Mser
255 3947 352 4012 quidem
375 3947 470 3996 videtur
495 3947 604 3994 Deorum
626 3946 712 4010 uliquis
729 3946 848 3994 fortunam
868 3943 935 3992 robis
953 3945 1075 4008 optimum,
1092 3943 1167 3992 modo
1186 3953 1251 3994 recte

154 4045 208 4080 rem
216 4029 346 4094 recipietis,
355 4028 459 4092 benigne
470 4029 611 4091 ebnndeque
618 4041 723 4090 pereese.
739 4027 828 4090 quippe
838 4025 933 4072 finitimi
941 4024 1007 4080 estis,
1015 4025 1173 4074 etutilitetem
1183 4025 1252 4074 vobis

54 4163 57 4169 ,
153 4121 259 4166 mutuent
270 4109 375 4158 conferre
385 4110 470 4158 veleris
481 4110 659 4172 permaximam.
693 4107 797 4156 Hermion
816 4105 935 4170 siquidem
944 4122 1023 4170 neque
1036 4106 1166 4156 multitudo
1176 4123 1250 4170 equo·

153 4207 207 4240 rum
227 4205 307 4254 neqse
324 4191 384 4243 stiur
402 4190 463 4247 incili
472 4199 599 4254 apperitus
608 4205 686 4253 neque
698 4189 750 4239 euri
760 4187 901 4252 meguitudo
913 4203 988 4252 usque
1000 4186 1061 4236 sdeo
1072 4188 1133 4236 sires
1144 4196 1250 4252 sugeret,

155 4280 269 4336 quantum
280 4271 407 4329 enricopurn
416 4271 532 4320 bonorum
542 4270 674 4320 constantie
682 4281 754 4333 etque
765 4270 876 4318 fideliter.
910 4269 993 4318 Ereeto
1008 4277 1089 4318 sutem
1102 4276 1128 4316 et
1144 4268 1251 4324 Censeo,

155 4363 241 4418 preter
251 4351 473 4424 sspifflrnjstem
491 4352 522 4400 de
533 4352 657 4416 speciebus
667 4353 857 4416 pulcherrimum,
869 4351 915 4398 elie
925 4351 1024 4414 insuper
1034 4349 1131 4405 offirmo,
1141 4347 1188 4396 etsi
1197 4363 1251 4396 sum

146 4450 237 4500 ,senem
253 4451 315 4500 opus
330 4449 382 4482 esse
400 4433 519 4498 sepientis
533 4433 646 4482 adsersus
656 4432 776 4496 impmbos
785 4431 932 4498 injustosque
943 4431 1053 4488 essendi,
1062 4429 1128 4480 eisd
1139 4427 1251 4478 resisten-

156 4517 211 4566 dum
224 4516 339 4581 potentis.
355 4525 412 4566 sunt
422 4515 484 4566 enim
495 4515 614 4578 inexperti
629 4514 742 4572 irsudum,
755 4515 811 4579 quie
821 4529 896 4579 penes
905 4529 951 4564 nos
962 4528 1015 4562 cum
1027 4509 1159 4568 ioniiuibus
1169 4508 1251 4560 visere
