3098 5314
33 571 44 600 t
123 539 202 616 6⁷⁷]
465 534 520 596 DE
542 530 714 596 LEGIBUS
742 533 815 596 ΜΒ.
838 535 894 596 lll.
1155 537 1211 608 ult

127 695 311 755 oruscorporeoe
328 689 502 754 morborumque
517 689 644 738 csumboc
660 697 789 753 potuopus
803 689 892 740 luerit:
909 701 987 754 neque
1002 691 1217 744 susmsousmo

127 775 169 824 vot
180 771 387 836 mederique&
397 769 475 820 liberis
484 783 579 833 opernm
591 768 648 820 dere
660 769 749 818 solunt.
764 769 831 834 plura
848 769 919 821 etium
927 769 1006 820 retem
1015 778 1118 833 pomt,
1125 769 1152 818 in
1163 773 1217 836 qaut,

127 852 288 902 brunomium
297 851 357 916 legis
366 858 436 900 recta
447 849 578 914 mentisque
588 857 709 912 compotes
717 849 929 900 incussissent.
939 858 1082 916 quepropler
1087 850 1218 902 mudum

128 937 192 984 une
209 933 325 982 mdouem
342 947 388 982 aso
406 930 487 980 multis
505 930 595 979 cirimti
612 930 687 979 vineis
697 945 756 995 opus
773 939 843 980 esset.
857 932 923 996 etqui
939 931 1065 996 etreliquu
1077 931 1219 996 egriculture

131 1015 256 1080 omnisque
266 1013 362 1062 uiieudi
377 1027 459 1060 norma
468 1011 574 1060 ordinem
584 1027 650 1060 sunm
660 1019 759 1069 teneret,
768 1027 797 1062 su
817 1012 866 1062 riui
877 1027 930 1062 utus
941 1013 1012 1062 forme
1019 1009 1127 1074 ¹curulum
1135 1012 1217 1062 mode·

129 1095 257 1146 rutissirnus
267 1093 449 1157 etpurcissimus
464 1099 533 1140 ercet.
549 1091 586 1140 bic
600 1092 681 1156 inque
690 1093 790 1158 sepmoui
801 1093 832 1142 de
849 1093 1035 1158 rino‚lrospites,
1051 1095 1072 1142 si
1081 1093 1219 1158 vobisque·

128 1193 174 1241 que
186 1175 288 1232 ridetur,
296 1189 355 1238 sper
365 1173 451 1222 dutus
458 1173 497 1221 sit.
529 1173 586 1222 Cur.
603 1172 679 1221 Probe
690 1172 787 1222 dictum.
804 1189 876 1238 quere
887 1182 912 1223 et
922 1175 988 1223 nobis
998 1175 1031 1223 ite
1040 1173 1141 1226 videtur.

509 1445 514 1458 '
569 1469 672 1552 rnu.
701 1471 777 1550 111.

134 1701 205 1767 [utu]
224 1699 283 1751 Huc
300 1703 394 1768 quidem
405 1705 440 1755 ita
450 1723 474 1754 se
485 1705 595 1754 habeant.
610 1701 688 1750 civilis
708 1709 786 1751 sutem
804 1701 936 1766 discipline
946 1701 1040 1750 initium
1050 1702 1167 1766 quoduam
1180 1703 1216 1752 lu·

132 1783 177 1830 isse
188 1783 296 1832 dicemus
307 1783 317 1830 i
333 1799 363 1832 an
375 1801 421 1834 non
429 1787 485 1836 lriuc
495 1783 606 1834 facillime
617 1783 692 1848 ipsum
704 1783 758 1848 quis
769 1783 903 1847 optimeque
913 1782 1022 1846 inspiciet
1033 1783 1041 1830 ?
1058 1783 1117 1834 Cur.
1133 1784 1217 1834 Unde·

132 1879 184 1911 narn
195 1865 204 1910 ?
239 1863 343 1914 Arurrr.
360 1867 432 1916 Unde
443 1867 564 1915 civitatum
580 1879 674 1930 quoque
685 1865 854 1914 incrementum
864 1871 889 1912 et
899 1863 928 1912 ed
939 1863 1049 1911 vimulum
1060 1871 1085 1912 et
1095 1863 1126 1912 ed
1134 1865 1218 1914 uitium

132 1942 190 1994 licet
207 1945 333 2009 inspicere.
349 1945 407 1999 Cer.
424 1947 496 1997 Unde
513 1945 590 1995 dicit?
624 1943 728 1993 Arrrrru.
746 1943 810 1992 Reor
825 1941 959 2008 equidema
974 1943 1119 2008 longitudine
1140 1943 1218 1996 inlini·

136 2034 230 2090 tuteque
239 2025 747 2094 temporis,rerumqueiueomutationibus.
780 2025 838 2076 Cur.
854 2023 1081 2088 Qucpuc'toidsis?
1114 2023 1220 2076 Aruru.

137 2105 198 2170 Age,
208 2105 256 2166 dic,
266 2107 287 2155 si
296 2107 377 2165 hebes.
385 2125 416 2158 ex
424 2123 471 2174 quo
479 2109 550 2157 urbes
557 2107 686 2170 civilesque
697 2106 816 2155 homiuum
825 2105 983 2154 institutiones
992 2112 1121 2170 cuperant,
1131 2114 1221 2171 quantu

133 2187 246 2251 temporie
255 2189 402 2252 praecesserit
415 2187 547 2237 multitudo.
563 2187 621 2238 Cur.
637 2185 794 2252 Nequaquam
807 2183 833 2234 id
844 2185 921 2238 icelle.
954 2185 1058 2235 Arnen.
1073 2185 1222 2252 Inexplebile

134 2269 270 2333 utiqnehoc
280 2277 305 2317 et
322 2269 466 2335 impossibile
476 2268 589 2334 cogitem
624 2265 682 2317 Cur.
698 2267 737 2316 Sic
748 2275 785 2315 est
793 2267 896 2318 omniuo.
928 2265 1134 2317 erumnosus
1150 2269 1220 2318 inuu-

133 2365 202 2396 meras
210 2347 239 2396 iu
249 2350 294 2398 hcc
304 2356 407 2414 tempore
415 2349 517 2398 conditas
526 2357 581 2397 sunt
590 2347 708 2406 civitates,
714 2347 859 2412 totidemque
869 2347 1002 2407 destructo,
1009 2364 1061 2414 qum
1069 2349 1134 2398 omni
1143 2347 1219 2398 civilis

131 2429 189 2478 stre
209 2428 343 2478 conditione
360 2431 448 2494 possim
468 2446 517 2478 usse
539 2430 594 2486 sint,
605 2429 721 2494 factuque
739 2429 810 2478 ruodo
831 2445 846 2478 e
863 2428 998 2486 minoribus,
1009 2428 1079 2478 ruodo
1094 2430 1220 2482 miuoresc

134 2509 272 2574 majoribus,
282 2508 372 2574 pejores
389 2527 482 2576 quoque
499 2525 528 2559 ox
539 2511 680 2568 melioribus,
690 2517 715 2559 et
728 2518 808 2559 contra
825 2525 853 2558 er
864 2509 982 2575 pejoribus
1001 2510 1128 2560 meliores?
1161 2510 1224 2572 Cur,
1322 2503 1325 2508 ¹

133 2588 304 2638 Necessarium
326 2589 453 2656 idquidom
474 2599 519 2641 est.
553 2591 656 2640 Arnen.
673 2591 749 2657 liujus
768 2591 840 2656 igitur
850 2589 986 2640 mutationis
996 2605 1092 2640 causum
1102 2592 1221 2658 excogite-¹

129 2685 194 2726 runs,
205 2670 227 2718 si
236 2685 367 2734 pommus.
383 2672 486 2722 fortassis
494 2671 560 2722 enirn
574 2673 672 2736 primum
684 2673 738 2720 vite
753 2671 830 2720 civilis
840 2686 934 2720 causam
943 2671 1142 2738 mutationemque
1151 2673 1222 2724 nobis

131 2749 249 2801 ostendet.
284 2751 343 2802 Cur.
360 2751 438 2802 Probe
447 2753 557 2818 loqueris.
573 2769 645 2818 quare
654 2761 713 2802 etto
725 2761 827 2817 oportet,
838 2752 895 2818 quid
906 2754 951 2801 hec
969 2752 1000 2800 de
1018 2768 1043 2802 re
1063 2753 1222 2811 sentiuudili-

131 2839 217 2896 genter
235 2847 371 2898 exponere:
389 2841 414 2882 et
431 2851 474 2883 nos
492 2841 582 2883 attente
600 2835 740 2883 auscultare.
756 2831 830 2898 [dil]
864 2831 968 2883 Arnen.
984 2832 1048 2882 Num
1068 2833 1140 2900 igitur
1149 2833 1223 2900 prisci

131 2927 249 2960 sermones
259 2913 384 2962 veritatem
399 2914 503 2980 aliquam
520 2916 606 2966 hebere
617 2915 745 2964 videntur?
779 2915 838 2966 Cur.
854 2914 976 2974 Quinem?
1009 2913 1113 2968 Aruer.
1131 2917 1224 2968 Multos

131 2991 248 3042 videlieet
255 2994 376 3044 bominum
387 2995 495 3045 interitus
502 3012 530 3044 er
541 2997 645 3053 diluviis,
653 2995 740 3046 morbis
749 2995 849 3060 aliisque
860 2995 965 3060 pestibus
975 2993 1032 3044 clim
1042 2997 1156 3046 occidione
1167 3015 1173 3045 ι
1191 3013 1222 3046 ex

132 3074 219 3138 quibus
225 3077 295 3141 pauci
305 3073 413 3125 homines
423 3077 559 3141 superstites
569 3075 663 3125 luerint.
679 3075 736 3125 Cur.
752 3075 830 3125 Valde
839 3075 864 3123 id
873 3075 957 3140 cuique
967 3076 1100 3126 verisimile.
1116 3075 1222 3130 Arrrrrrr.

134 3151 196 3218 Agr,
204 3154 256 3219 jum
268 3153 298 3204 de
309 3155 389 3204 multis
406 3171 479 3205 uuum
496 3157 542 3206 hoc
559 3155 664 3213 esitium,
676 3155 740 3220 quod
759 3155 871 3204 illuvione
890 3155 979 3204 luctum
992 3163 1037 3212 est,
1045 3155 1222 3220 perspiciemus.

126 3235 193 3284 'Ceu
212 3234 278 3293 Quid
297 3235 323 3284 iu
343 3237 388 3284 hoc
407 3237 508 3301 cogitare
524 3251 567 3284 nos
582 3235 669 3301 jubes?
702 3233 806 3284 Arnen.
822 3233 916 3298 Nempe
938 3234 1037 3298 eos,qui
1054 3234 1146 3284 cladem
1164 3243 1221 3284 tuuc

133 3323 270 3371 erasemru,
281 3323 401 3366 montanos
419 3319 534 3382 quosdam
545 3323 570 3364 et
588 3323 692 3380 pastores
710 3314 789 3371 luisse,
799 3315 824 3362 iu
841 3315 954 3363 montium
968 3313 1129 3364 cacuminibus
1145 3329 1222 3380 paucs

134 3395 230 3444 semina
240 3395 271 3442 od
281 3397 454 3462 propagandum
470 3413 545 3462 genus
554 3397 676 3445 hominum
685 3403 830 3444 conservata.
841 3391 900 3444 Cur.
918 3395 995 3444 Petet.
1026 3392 1131 3445 Aruns.
1147 3393 1223 3460 Atqui

131 3489 232 3524 necesse
242 3483 278 3524 est
290 3491 330 3524 eos
340 3485 364 3526 et
374 3479 469 3528 aliarum
478 3479 561 3527 artium
572 3477 644 3526 luisse
654 3485 769 3541 expertes,
780 3483 805 3524 et
815 3475 918 3524 sramtiae
932 3475 1133 3539 contentionisque
1143 3475 1223 3526 studio

133 3555 271 3604 intercisus
291 3563 427 3623 ceterasque
444 3559 555 3608 adversus
575 3559 634 3608 ulios
644 3559 741 3607 astutius
762 3557 889 3622 ignorasse.
922 3557 980 3606 cm.
997 3555 1222 3606 Consentaneumid

132 3635 239 3700 quidem.
273 3635 377 3689 Arrrru.
394 3639 512 3688 Ponamus
531 3640 601 3688 etiarn
618 3647 760 3704 campestres
771 3647 796 3687 et
812 3635 1016 3686 maritimasurbes
1026 3635 1101 3686 subito
1108 3635 1151 3687 illo
1162 3645 1222 3686 tem·

134 3716 307 3780 porepcriirae.
341 3719 399 3768 Cur.
414 3719 543 3769 Ponnmus.
574 3718 678 3768 Arnus.
694 3719 854 3770 Instrumenta
864 3717 1223 3784 igituromnin,etquncuuque

133 3795 219 3844 artium
230 3795 280 3846 sire
290 3797 322 3847 ad
333 3797 482 3865 disciplinam
494 3801 588 3850 civilem
599 3801 649 3849 sive
660 3801 689 3850 ad
697 3801 834 3851 facultatem
845 3801 916 3849 uliam
926 3797 1093 3864 pertinentium
1102 3798 1226 3849 exstabunt

132 3877 239 3934 iuventa,
249 3877 381 3928 concidisse
398 3881 448 3930 illis
467 3882 610 3948 temporibus
631 3898 771 3932 asaeraurus.
788 3879 913 3942 Quomodo
933 3879 1005 3935 enim,
1021 3877 1083 3928 criu
1096 3879 1225 3944 optineri

134 3959 185 4007 bec
204 3958 417 4024 inscmpiternum‚
428 3963 464 4012 ita
483 3971 555 4020 se,ut
574 3961 652 4022 modo,
663 3963 775 4013 habentis
795 3961 984 4028 permansissent.
993 3975 1079 4008 uorum
1098 3961 1225 4027 quicquum

131 4037 204 4087 elicui
225 4047 289 4088 esset
310 4039 461 4091 inventurn?
494 4041 552 4093 Cur.
577 4043 680 4110 Nempe,
697 4045 753 4110 quir
774 4041 950 4092 innumerabilis
968 4041 1079 4108 quedam
1098 4041 1226 4094 multitudo

132 4133 245 4169 annorum
257 4121 407 4184 ignorabatur
418 4123 512 4174 abillis.
528 4125 594 4174 ruille
612 4134 691 4174 nutem
709 4125 764 4174 anni
782 4125 821 4173 vel
840 4123 982 4185 duomillia,
992 4137 1023 4170 ex
1040 4123 1223 4190 quoquicquarn

131 4198 255 4249 dioelsutur
273 4201 396 4252 inventum
414 4205 499 4270 partim
521 4205 631 4264 Daedalo,
641 4205 724 4272 partim
741 4207 848 4270 Orpheo,
857 4205 942 4270 partim
960 4201 1082 4252 Palamedi
1100 4205 1225 4268 putobsut.

129 4281 190 4329 sicut
201 4298 255 4348 qum
273 4281 305 4330 ud
319 4285 432 4335 musicam
448 4289 576 4352 portinent,
587 4289 691 4354 Marsyu
710 4297 736 4336 et
751 4287 872 4354 Olymp03
890 4301 941 4352 qum
952 4284 983 4334 ed
993 4284 1075 4352 lyram,
1092 4275 1223 4350 Amphioni

131 4363 306 4412 attribuuntur:
325 4365 419 4432 aliaque
435 4369 488 4418 aliie
506 4369 588 4426 mults,
599 4377 626 4417 ut
644 4371 679 4418 ita
696 4368 782 4424 dicam,
793 4367 844 4420 heri
863 4375 889 4417 et
907 4366 1076 4416 nudiustertius
1086 4365 1224 4414 adiuveris.

130 4441 235 4494 Aruru.
254 4443 370 4506 Videsne,
383 4445 472 4505 Clinia,
482 4451 663 4514 pretermissum
675 4451 717 4499 abs
734 4459 757 4497 te
777 4465 830 4499 esse
847 4449 956 4506 amicum,
967 4448 1008 4512 qui
1025 4461 1080 4494 rere
1095 4445 1145 4492 heri
1160 4443 1224 4493 luit?
1327 4511 1330 4518 Ι

127 4523 189 4574 err.
206 4523 247 4578 An
270 4527 436 4592 Epimenidem
456 4529 534 4580 dicis?
567 4533 671 4582 Arusu.
687 4531 759 4581 Hunc
778 4531 895 4598 equidem.
911 4523 1223 4593 lougeenimhicinuora·

125 4619 180 4654 nrm
197 4621 274 4657 rerum
293 4609 465 4674 excogitatione
481 4611 588 4664 omuibus
606 4612 669 4678 spud
683 4620 725 4672 ‘vqs
743 4613 886 4668 excelluit,c
905 4609 989 4659 emice'.
1005 4603 1068 4672 quod
1079 4617 1135 4653 enne
1148 4603 1222 4655 verbis
