3102 5312
133 541 207 620 8⁴³]
467 549 522 609 DE
546 541 718 609 LEGIBUS
745 539 818 608 urb.
834 545 917 608 VIII.
1161 542 1220 607 389

133 715 272 770 utumposss
283 719 288 752 ε
300 705 397 755 aiteram
406 705 604 772 pretereeIegem
611 703 721 754 custodes
728 703 816 767 legum,
825 701 855 750 sd
865 699 1044 766 insudasleges
1054 703 1218 750 suctorimtem

132 786 204 842 necti,
224 787 366 851 excogitent.
383 786 456 851 [stt]
474 787 533 836 Cur.
549 787 628 844 Quum
647 785 720 834 ruodo
740 785 803 833 ferre
822 785 900 848 legem
918 783 1027 838 consulis,
1050 783 1069 830 si
1089 783 1150 832 barro
1168 799 1217 832 non

132 867 296 928 susceperint?
328 869 430 916 Arnum
446 868 507 925 Quas
527 869 597 923 hanc,
620 883 635 915 o
656 867 743 922 Clinia,
764 865 877 929 sequitur.
909 864 967 913 Cur.
983 865 1098 922 Quianam
1107 865 1217 912 illaert?

133 947 238 994 Arnus.
254 947 287 995 Ut
297 963 366 1012 quum
376 949 477 996 maxime
489 948 606 997 laboribus
616 948 721 1011 corporis
733 945 832 996 Veneris
843 945 912 994 robur
925 945 1059 1009 infringant,
1068 954 1093 994 et
1102 947 1219 994 siiarires

51 1039 52 1042 ’
132 1040 187 1074 suas
205 1037 350 1076 convertent.
366 1031 429 1092 quod
447 1030 501 1083 erit,
520 1029 540 1076 si
551 1044 599 1077 nou
609 1029 758 1092 impudenter
769 1029 821 1092 ipse
830 1034 934 1074 utentur.
949 1041 1002 1074 ram
1013 1027 1031 1074 si
1041 1027 1115 1075 rurius
1124 1033 1221 1090 propter

132 1108 241 1156 ruborem
261 1109 287 1156 id
308 1111 356 1167 tiat,
373 1111 510 1160 imbecillior
524 1110 569 1158 erit
578 1111 681 1157 domina.
698 1109 757 1156 ciem
769 1123 825 1171 crgo
836 1108 981 1156 eoumetudo
991 1117 1016 1155 et
1026 1108 1063 1155 ier
1072 1123 1120 1156 nuo
1131 1109 1219 1172 scripta

131 1188 183 1235 bec
195 1188 245 1236 fieri
256 1189 368 1238 suadeat:
387 1199 467 1239 contra
479 1189 627 1245 sutem-tisri,
646 1189 712 1236 reiut
731 1197 798 1252 turpe
817 1187 969 1236 dissuadeat:
987 1196 1101 1251 turpeque
1117 1189 1151 1236 sic
1171 1203 1219 1236 nou

130 1269 229 1317 omuino
251 1285 329 1334 egere.
346 1273 380 1319 sio
396 1271 461 1319 enim
477 1277 502 1318 et
517 1269 621 1318 secundo
636 1269 781 1317 servabimus
797 1271 919 1316 lreuestum
936 1269 1002 1316 loco:
1019 1278 1044 1315 et
1061 1283 1135 1331 genus
1144 1283 1219 1316 uuum

129 1348 261 1406 hominnm,
273 1352 317 1400 tria
327 1367 414 1416 genera
424 1351 555 1407 continens,
566 1351 673 1400 homines
684 1348 817 1413 depracatus
828 1357 925 1404 mamre,
936 1364 996 1412 quos
1004 1350 1040 1396 sui
1050 1349 1158 1397 dominos
1168 1363 1220 1400 csse

128 1443 254 1492 negemus,
271 1440 339 1495 coget
355 1432 445 1496 utique,
460 1447 492 1481 ue
509 1432 743 1494 tepescentemuuut.
777 1429 835 1477 Cur.
852 1431 912 1488 Qnur
923 1431 968 1478 trie
978 1431 1083 1493 genera?
1116 1429 1219 1478 Arearu-

129 1509 249 1567 Cultores,
259 1513 363 1576 inqusrn,
375 1511 486 1568 Deomru.
497 1511 591 1560 bonoria
601 1519 724 1570 amatores,
733 1514 803 1575 etqui
812 1527 858 1559 uon
868 1525 988 1574 corporum
997 1511 1038 1559 sed
1049 1510 1119 1558 animi
1130 1525 1219 1558 morum

130 1589 333 1652 pulchritudinem
345 1593 454 1657 diligrmt.
470 1595 520 1642 brec
535 1593 603 1658 quari
617 1608 661 1656 per
681 1593 783 1640 tabulam
797 1593 861 1641 dicta
881 1599 983 1656 votoque
1002 1591 1103 1640 similia:
1120 1593 1221 1640 multum

129 1677 213 1716 tamen
225 1671 359 1720 cientibus
369 1673 485 1727 omnibus,
506 1673 526 1720 ei
543 1687 678 1721 resecrare
694 1673 819 1736 potuerint,
835 1673 956 1722 collatura.
976 1673 1074 1722 tortasse
1093 1681 1181 1728 autem,
1200 1673 1221 1721 si

130 1749 202 1798 Deus
218 1751 325 1806 soluerit.
341 1753 439 1801 duonum
455 1753 552 1801 alterum
569 1753 593 1802 in
610 1753 727 1802 amatoriis
744 1769 909 1818 assequemur:
926 1755 964 1802 rei
980 1759 1087 1803 rrtrsemo
1096 1768 1222 1818 generosas

130 1829 266 1895 liberasque
277 1833 393 1890 mulieres,
405 1842 490 1898 preter
497 1849 600 1892 uxorem,
611 1834 698 1882 audeat
705 1845 814 1898 tmpore:
832 1851 876 1884 nec
886 1835 949 1884 ullus
957 1835 1042 1884 nothos
1052 1850 1079 1882 eu
1091 1835 1221 1884 concubina

132 1911 249 1974 suscipiat
260 1928 268 1970 3
285 1927 330 1960 nec
341 1913 486 1964 infecundos
497 1916 594 1964 merium
604 1931 672 1979 agros
681 1925 766 1980 preter
773 1924 878 1964 arturum
887 1923 958 1964 scrut:
971 1916 1008 1964 rel
1019 1916 1117 1964 alterum
1125 1915 1221 1978 quidem

131 1993 230 2041 omino
240 1993 358 2049 tollemus,
369 2009 400 2042 ue
412 1995 464 2059 quis
475 2011 527 2044 cum
540 1997 641 2044 maribus
650 1996 821 2060 congrediatur.
840 1997 860 2044 si
872 1998 925 2061 quis
935 2005 1014 2046 autem
1023 1995 1077 2045 ullis
1087 1996 1222 2044 mulieribus

132 2073 310 2124 commisceatur
329 2089 401 2137 quum
419 2091 472 2124 cum
491 2076 536 2133 bis,
556 2093 609 2141 quse
625 2093 678 2126 curu
698 2077 754 2124 Diis
769 2079 886 2142 sacrisque
897 2079 1088 2142 nuptiisdomurn
1099 2083 1222 2134 venerunt,

133 2155 219 2218 emptis
235 2154 346 2203 videlicet
364 2157 402 2204 rei
418 2157 465 2204 ulio
481 2173 621 2222 quocunque
642 2157 713 2206 modo
723 2159 850 2222 acquisitis,
861 2160 908 2208 uisi
916 2161 977 2208 uiros
986 2160 1056 2207 simol
1066 2157 1223 2221 mulieresque

133 2249 216 2283 omues
235 2236 316 2292 latest,
332 2235 427 2284 infamis
442 2238 494 2302 lege
505 2239 658 2303 omnibusque
669 2239 771 2288 evitatis
782 2241 917 2296 honoribus,
929 2255 973 2289 ceo
983 2240 1118 2304 peregrinus
1128 2237 1223 2302 aliquis,

133 2314 240 2377 privatus
258 2317 295 2362 sit
312 2317 362 2365 irruo
378 2317 426 2373 lex,
437 2317 488 2366 sire
499 2319 598 2382 simplex
609 2319 660 2367 sire
670 2319 757 2384 duplex
768 2321 806 2375 sit.
818 2320 848 2368 sle
860 2320 929 2369 rebus
938 2320 1046 2368 reuersis
1055 2320 1223 2383 curatoriisque

135 2395 252 2452 omnibus,
270 2395 342 2463 [ess]
359 2413 417 2462 quea
435 2400 496 2447 inter
516 2415 560 2448 nos
581 2409 676 2464 propter
696 2399 830 2464 hujusmodi
849 2401 948 2450 affectus
969 2410 1030 2450 recte
1049 2401 1086 2448 rel
1100 2417 1148 2450 non
1159 2409 1223 2450 recte

135 2476 238 2538 egimus,
248 2478 297 2525 latu
307 2479 344 2526 siu
375 2480 448 2530 Meo.
465 2481 518 2544 Ego
527 2481 640 2544 equidem
648 2482 709 2529 banc
720 2482 797 2544 legem
808 2481 878 2530 ualde
888 2481 970 2545 probo.
1003 2482 1083 2532 ciuis
1096 2497 1152 2530 uero
1169 2483 1224 2539 istu,

136 2557 195 2618 quid
217 2557 261 2605 sibi
280 2558 378 2617 ridetur,
396 2560 463 2610 nobis
484 2563 583 2624 aperiat.
615 2561 672 2611 Cur.
692 2561 793 2616 Faciam,
809 2562 1007 2625 ottegiuucum
1019 2562 1224 2612 occasiodrbitur.

136 2653 202 2686 nuuc
213 2645 292 2686 autem
303 2641 405 2689 uramus
416 2642 532 2706 hospitem
543 2643 641 2691 ulterius
651 2643 676 2690 in
686 2641 790 2691 ferendis
799 2642 892 2706 iegibus
902 2642 1019 2707 progredi.
1052 2643 1124 2692 Meo.
1141 2643 1225 2692 Probe·

136 2719 242 2768 Aruas.
258 2720 304 2768 Sed
313 2721 374 2770 adeo
381 2721 433 2786 jam
441 2724 558 2786 progressi
569 2739 655 2779 sumus,
666 2730 694 2771 ut
703 2723 735 2770 ud
745 2724 851 2772 concivis
863 2723 1032 2772 devenerimus.
1048 2739 1117 2788 quarn
1128 2725 1224 2788 quidem

136 2813 185 2848 rem
197 2801 253 2848 ulibi
264 2801 379 2850 difficilem
396 2819 447 2852 esse
463 2805 578 2852 dicimus:
596 2805 622 2852 in
641 2804 711 2854 Creta
732 2811 811 2853 autem
832 2819 902 2852 uerno
918 2805 1001 2853 irustrs
1017 2805 1157 2853 cristirnubit
1175 2805 1226 2854 fieri

136 2889 254 2942 oportere.
285 2882 410 2940 Quomodo
429 2886 527 2932 sutem?
543 2872 624 2933 uuurri
641 2893 666 2934 ut
678 2885 724 2942 tric,
741 2892 782 2933 uut
793 2885 989 2949 quemadmodum
997 2885 1061 2950 apud
1073 2885 1225 2934 Lacedremo·

136 2962 199 3017 ruins,
217 2977 248 3010 an
265 2965 346 3013 tertius
365 2966 458 3029 quidrru
470 2965 553 3014 modus
563 2967 667 3030 utrisque
678 2966 716 3014 his
725 2966 809 3014 melior
819 2967 957 3023 inveniann,
968 2982 1013 3015 nec
1022 2969 1121 3015 inventu
1131 2966 1225 3016 difficile

138 3042 164 3090 id
175 3043 232 3092 mibi
244 3043 341 3103 ridetur,
351 3061 405 3103 nec,
416 3047 537 3096 inventurn
547 3063 600 3095 cum
610 3046 689 3101 luerit,
700 3046 800 3095 uraxiroe
810 3047 962 3111 profuturum.
983 3046 1102 3096 enimuero
1109 3049 1225 3096 concinne

139 3131 164 3170 et
174 3139 239 3174 nunc
256 3127 384 3176 comtitute
402 3127 517 3176 ridentur.
534 3127 637 3191 sequitur
651 3142 725 3182 nunc,
743 3137 770 3174 ut
786 3127 816 3174 de
835 3127 908 3184 rictu,
919 3129 1035 3190 quomodo
1051 3127 1133 3175 haberi
1144 3129 1225 3191 pessit,

139 3206 251 3255 dicemur.
271 3208 346 3256 victus
365 3209 391 3256 iu
409 3209 462 3256 aliis
480 3207 617 3256 civitatibus
634 3208 760 3270 multiplex
779 3208 895 3271 uariisque
914 3223 943 3255 ea
960 3208 1029 3262 locis,
1047 3208 1147 3255 maxime
1170 3223 1225 3258 sero

140 3288 228 3351 duplici
245 3302 277 3336 ex
293 3289 345 3338 loco
360 3291 384 3338 io
401 3291 487 3338 cerens
502 3297 657 3354 comparatum
674 3301 728 3336 narn
746 3303 776 3335 er
789 3289 848 3336 mari
859 3303 886 3336 ac
897 3296 958 3336 terra
970 3289 1075 3351 plurimis
1091 3288 1224 3337 Graeeomm

141 3367 273 3418 civitatibus
284 3371 416 3426 advehitur,
436 3387 490 3419 com
510 3370 562 3418 istis
577 3377 638 3417 terra
656 3370 800 3418 solummodo
817 3367 954 3418 advehetur.
971 3383 1022 3432 quer
1033 3369 1227 3432 reslegurnlutori

140 3449 235 3500 facilior.
251 3451 327 3500 multo
345 3452 408 3500 euim
432 3453 503 3516 major
521 3466 590 3514 quam
611 3449 711 3498 dimidiu
725 3465 780 3514 pars
796 3451 876 3514 legum
887 3450 995 3500 sufficiet.
1012 3459 1124 3512 preterca
1139 3463 1226 3498 conre-

140 3531 267 3582 uicntiores
277 3533 355 3581 liberis
365 3531 496 3581 hominibus
507 3532 570 3595 leges
581 3538 705 3596 ponentur.
720 3531 840 3580 ossellum
850 3531 915 3578 euim
929 3537 1128 3588 etmeruatoruru⁸
1139 3545 1227 3595 orupo-

142 3613 542 3676 nnm,direr·sorii,pub1icsuorum,
561 3613 766 3676 permutationum,
786 3612 985 3675 iodicinurnmque
1008 3611 1184 3666 metallicumnr,
1204 3619 1230 3660 ct

144 3694 219 3743 mutui
230 3695 370 3749 immoriere
381 3695 447 3744 mille
467 3693 601 3758 hujusmodi
620 3696 692 3758 teges,
713 3695 772 3744 terre
788 3709 836 3742 nou
854 3691 979 3742 admodum
999 3692 1098 3755 cogitur.
1113 3707 1185 3756 quare
1204 3693 1229 3742 ia

142 3775 237 3824 civimte
248 3778 293 3824 bec
311 3783 390 3824 nostra
412 3776 489 3840 legum
511 3776 628 3833 conditor,
639 3777 675 3824 hir
695 3776 796 3837 omissis,
814 3774 937 3824 dumterat
955 3773 1072 3838 agricolis,
1092 3775 1231 3837 pastoribus,

143 3871 212 3918 upum
224 3857 367 3908 comuntur
379 3857 509 3922 tulimusque
520 3857 655 3907 cumedibus
665 3865 735 3922 atque
745 3857 858 3906 ministris
877 3857 940 3918 leges
951 3855 1019 3904 dabit
1030 3872 1035 3902 :
1053 3869 1108 3903 cum
1128 3853 1159 3904 de
1169 3869 1230 3921 nup·

144 3937 183 3986 riis
194 3939 366 4002 liberorumque
386 3941 555 4002 procreatione,
566 3939 714 3996 educatione,
736 3937 870 4003 disciplina,
888 3937 1110 4000 magistratuumque
1122 3935 1231 4001 designa·

143 4021 217 4076 tione,
228 4020 329 4068 maaimu
339 4035 369 4069 cr
380 4029 445 4085 parte
457 4021 598 4070 tractaverit.
617 4035 679 4069 nunc
690 4037 745 4084 ergo
764 4021 794 4068 ad
814 4021 880 4082 leges
891 4017 922 4066 de
934 4019 995 4066 rictu
1007 4017 1084 4080 deque
1097 4016 1133 4074 iis,
1144 4017 1185 4081 qui
1196 4019 1231 4066 lt-

143 4100 199 4150 borc
216 4115 259 4150 suo
278 4101 354 4165 ipsum
375 4109 469 4166 parant,
491 4101 572 4150 venue
591 4115 686 4150 necesse
696 4109 740 4150 est.
756 4101 939 4166 etrgricultune
950 4099 1014 4162 leger
1025 4097 1234 4162 primoponrutur.

142 4181 263 4246 prioreque
282 4183 410 4232 terrrsiuelis
429 4182 496 4232 Joris
516 4185 583 4232 ituro:
600 4197 670 4232 nemo
687 4172 746 4230 fines
766 4189 837 4244 etque
852 4180 962 4228 terminos
984 4188 1050 4228 terre
1067 4189 1169 4236 moreat,
1188 4193 1233 4228 nec

143 4263 199 4312 ciris
210 4261 308 4317 riocirri,
321 4279 364 4310 nec
376 4263 470 4312 finitimi
482 4263 608 4328 peregrini,
620 4265 639 4312 si
650 4262 699 4327 egri
707 4273 810 4312 extrema
820 4259 957 4326 possideat:
977 4259 1050 4324 [8⁴8]
1067 4259 1109 4308 sed
1126 4269 1194 4323 putet
1208 4259 1233 4308 id

142 4354 292 4399 erueremur,
304 4345 365 4406 quod
379 4345 460 4402 fertur,
472 4346 510 4394 bic
520 4345 650 4394 immobilis
659 4353 739 4392 moret
751 4361 757 4389 r
776 4343 886 4406 malitque
895 4331 1143 4406 rmusquisqueserum
1149 4343 1235 4404 ingens

144 4437 235 4472 morere
245 4439 317 4488 qoam
327 4439 425 4488 parrum
436 4425 549 4488 lapidem,
558 4426 711 4490 jurejurando
721 4441 735 4473 s
747 4424 799 4474 Diis
810 4425 934 4480 firmatum,
945 4439 992 4487 quo
1003 4422 1112 4472 amicitie
1121 4432 1146 4468 er
1156 4422 1229 4471 inimi·

143 4503 205 4554 etsie
224 4507 388 4556 terrniueutur.
404 4507 499 4554 alterium
519 4509 582 4557 enim
603 4507 713 4571 Juppitrr
724 4506 868 4560 contribulis,
878 4506 974 4554 ulterius
985 4501 1107 4566 hospitalis
1115 4508 1153 4548 est
1160 4502 1234 4558 testis,

144 4587 182 4648 qui
203 4587 282 4636 hostili
302 4587 383 4651 proelio
403 4589 625 4653 semperinsurguut.
638 4588 678 4653 qui
689 4588 736 4652 legi
748 4588 902 4650 obtemperat,
912 4584 1031 4633 indemnis
1041 4581 1119 4643 utique
1132 4582 1176 4630 sit:
1194 4584 1234 4647 qui
