3150 5290
337 515 378 584 66
667 549 673 558 ·
740 529 756 575 ·'
780 521 983 583 PLATONIS
1262 579 1267 588 ,
1363 527 1428 606 [iti

338 681 399 728 siem
418 681 572 746 peteisciunt.
607 680 723 729 Preteree
749 675 848 726 scientis
875 675 964 740 queris
992 681 1081 724 remote
1105 673 1201 738 justitie
1228 676 1323 743 eiisqoe
1345 682 1433 738 rirtute,

339 760 413 827 [iii]
431 777 479 810 uon
501 760 627 826 sepientis,
647 761 689 810 sed
709 757 827 809 ceilidites
849 771 901 804 esse
918 755 1018 804 videtur.
1053 757 1161 814 Quorum
1178 771 1251 808 osnes
1272 766 1298 809 et
1320 761 1392 824 primo
1411 770 1433 811 et

338 849 458 906 postremo
476 851 549 908 etque
571 857 612 906 per
628 840 716 898 omnis,
734 839 800 888 omni
816 823 896 887 studio
912 836 1086 901 diligentiaque
1102 838 1249 896 contendite.
1268 847 1295 888 ut
1312 849 1337 890 et
1354 857 1396 892 uos
1411 850 1433 892 et

338 923 438 986 mejeres
449 932 540 972 nestros
551 923 641 988 virtutis
651 921 725 986 glorie
736 919 859 984 superetis.
876 916 1088 982 eiioquin'scitote,
1096 917 1117 966 ei
1125 918 1192 967 robis
1200 919 1285 970 virtute
1294 929 1431 984 presence,

339 1003 460 1052 victorium
471 1005 532 1052 hene
544 1002 611 1052 nobis
622 1003 727 1050 dedecus
737 1000 876 1048 sileturem:
895 998 930 1047 sin
949 1013 1085 1063 superemur
1102 1011 1117 1046 e
1133 998 1209 1057 vobis,
1222 999 1367 1052 ieiicitetem.
1398 1001 1432 1052 Ite

338 1099 393 1132 sero
405 1085 503 1132 rncsime
514 1099 557 1132 nos
573 1083 670 1146 quidem
689 1081 860 1146 superabimur,
876 1095 917 1128 ros
933 1087 1012 1128 summ
1029 1080 1179 1144 superstitis,
1196 1081 1215 1130 si
1226 1082 1356 1132 contione
1367 1082 1431 1132 ritem

337 1163 473 1220 imtituetis,
486 1171 512 1212 ut
523 1162 639 1226 majorum
648 1163 722 1226 glorie
732 1177 781 1210 non
798 1160 937 1218 sbutemini,
954 1175 1032 1224 neque
1043 1175 1105 1216 eem,
1117 1169 1144 1208 ut
1154 1161 1187 1210 ite
1204 1162 1339 1220 dixerimus,
1349 1177 1431 1228 espen·

337 1243 399 1292 detis
410 1245 572 1308 erogetisqoe:
591 1243 702 1298 scienter,
714 1243 763 1290 viro
772 1241 863 1306 eliquid
873 1257 925 1290 esse
936 1255 962 1290 se
972 1241 1115 1290 existimanti
1126 1241 1186 1290 nihil
1198 1242 1288 1306 turpius
1300 1258 1369 1306 posse
1378 1243 1432 1294 seet-

336 1324 401 1385 der'e,
411 1339 481 1387 quem
493 1341 518 1373 ee
529 1323 607 1388 ipsum
619 1323 782 1373 hunerondum
799 1337 847 1371 norr
865 1321 984 1386 proprium
1000 1321 1032 1370 ob
1044 1322 1162 1380 virtutem,
1172 1323 1214 1371 sed
1228 1329 1323 1388 propter
1339 1323 1429 1388 glorium

335 1404 479 1468 superiorum
502 1405 613 1468 prebere.
646 1402 728 1452 Giorie
746 1403 809 1452 enisu
829 1410 951 1467 perentum
970 1403 1032 1450 netis
1050 1403 1173 1466 precierus
1193 1411 1231 1452 est
1253 1403 1431 1468 megnifieesque

335 1485 470 1536 ihmsurus:
491 1485 527 1533 uti
547 1501 601 1534 sero
618 1483 773 1549 pecuniemm
791 1484 953 1547 bonorumque
973 1483 1092 1542 tlseseuro,
1110 1490 1135 1532 et
1152 1485 1215 1534 bunc
1227 1483 1258 1532 sd
1272 1490 1376 1548 posteros
1385 1499 1431 1534 nott

335 1549 507 1621 transfundere,
519 1564 619 1630 propriu
631 1565 784 1630 possessionis
800 1563 928 1629 giorieqne
944 1562 1049 1624 deiecto,
1065 1571 1143 1627 torpe,
1159 1570 1184 1612 et
1200 1563 1267 1612 eriri
1277 1565 1429 1628 generositete

335 1643 431 1707 penitus
441 1643 552 1694 alienum.
586 1645 613 1694 st
623 1646 696 1710 igitur
706 1647 757 1695 hec
767 1645 925 1702 exercueritis,
936 1645 990 1694 vitm
1008 1645 1103 1694 demum
1115 1645 1170 1694 tetis
1180 1644 1269 1695 exectis
1279 1645 1327 1694 ceri
1339 1646 1370 1694 ed
1386 1661 1429 1696 nos

335 1723 380 1772 otti
391 1740 456 1774 ceros
467 1733 575 1789 porentes
587 1726 775 1790 proficiscemini.
793 1727 829 1775 sin
841 1733 919 1776 eutem
931 1726 1082 1790 neglexeritis
1093 1727 1144 1776 bero
1155 1734 1180 1776 et
1190 1725 1290 1790 improbi
1307 1725 1430 1784 eruentis,

336 1818 407 1852 neruo
426 1821 468 1853 vos
488 1805 563 1855 iibens
582 1806 694 1870 excipiet.
727 1805 797 1855 Netis
814 1807 912 1871 quidem
932 1807 1017 1856 nostris
1036 1807 1087 1855 berc
1101 1806 1231 1855 sintdiets.
1264 1805 1430 1856 Petreseutem

336 1892 428 1934 nostros
437 1901 466 1936 eo
482 1895 575 1948 metres,
593 1888 613 1936 si
624 1888 662 1936 eui
674 1895 778 1936 nostrum
789 1895 914 1952 supersunt
930 1895 1002 1952 etque
1019 1885 1181 1937 consoletione
1191 1886 1308 1950 indigent.
1318 1887 1435 1937 oonsoiet'r

336 1972 439 2029 oportet,
449 1965 503 2029 quie
516 1967 600 2015 decent
616 1967 686 2015 ieciie
703 1981 853 2030 quecunque
874 1967 1003 2016 occiderint
1019 1967 1095 2016 ferret
1113 1981 1190 2030 neque
1208 1983 1262 2017 enm
1279 1967 1326 2016 iliis
1336 1968 1431 2016 enede-

336 2045 465 2110 piorendus
476 2053 513 2094 est
523 2061 599 2096 cesus.
616 2047 823 2096 ismentetionibus
832 2047 896 2106 enim
907 2047 1006 2096 eliorum
1017 2061 1064 2094 non
1077 2047 1234 2110 indigebunt:
1246 2047 1302 2096 setis
1311 2047 1374 2096 enim
1384 2063 1430 2098 sors

334 2125 433 2176 scientie
445 2125 492 2175 iilis
502 2126 597 2177 inseret·
631 2127 727 2176 Mederi
744 2127 852 2193 proiecto
871 2127 992 2192 lenireque
1009 2135 1111 2192 oportet,
1127 2135 1152 2176 et
1166 2128 1193 2176 in
1210 2127 1289 2192 primis
1298 2126 1357 2176 iilud
1368 2141 1430 2176 com·

333 2222 471 2264 memorere,
483 2208 551 2272 quod
562 2207 664 2256 menime
675 2223 764 2264 corum,
780 2223 834 2271 quse
850 2213 962 2272 esoptere
980 2206 1065 2265 soient,
1076 2207 1228 2256 erendientes
1237 2205 1271 2254 dii
1285 2204 1336 2268 jero
1347 2207 1432 2258 tribue·

332 2299 396 2338 runt.
413 2303 490 2352 oeque
501 2288 564 2336 enirn
575 2287 718 2336 immortelcs
728 2287 774 2336 eibi
784 2288 845 2336 iiiios
860 2288 921 2352 deri,
937 2288 979 2336 sed
991 2288 1065 2336 bonos
1075 2295 1100 2336 et
1110 2287 1208 2336 iiinstres
1225 2287 1348 2352 optebeut.
1365 2285 1432 2350 cujus

332 2368 429 2432 quidem
447 2368 498 2416 soti
515 2375 638 2432 compotes
655 2367 735 2416 effecti
757 2375 820 2424 sunt,
843 2368 908 2433 qnod
932 2368 1057 2416 marimum
1078 2367 1258 2416 existimendom
1279 2375 1317 2416 eet
1336 2368 1431 2419 benum

334 2447 422 2496 Omnie
433 2463 488 2496 rero
500 2448 592 2496 mortnii
609 2448 659 2496 siro
677 2448 708 2496 ed
726 2456 807 2496 votnm
823 2448 848 2498 in
864 2447 913 2497 rite
930 2449 1065 2504 succedere,
1082 2447 1144 2496 bend
1161 2447 1230 2496 iseiie
1241 2454 1285 2498 est.
1320 2446 1396 2511 Atqui
1411 2449 1430 2498 si

331 2533 418 2576 sortem
428 2525 482 2575 forti
493 2527 572 2575 enimn
592 2528 734 2586 tolerebunt,
747 2529 888 2578 videbuntur
897 2543 978 2578 revere
988 2528 1082 2578 tortium
1100 2528 1200 2576 tiliorum
1212 2534 1329 2592 petentes,
1339 2527 1430 2594 ipsique

331 2607 404 2657 iortes
414 2623 475 2658 esse.
492 2609 529 2657 sin
540 2617 618 2656 eutem
630 2608 707 2658 dolori
718 2609 881 2667 succumbent,
892 2609 1049 2673 suspicionem
1061 2609 1194 2658 hominibus
1204 2609 1317 2672 inserent,
1327 2623 1358 2658 ne
1373 2607 1431 2660 iurte

332 2697 374 2739 eut
392 2697 501 2754 petentes
518 2689 592 2740 nostri
610 2690 707 2739 minime
727 2691 784 2754 siet,
802 2697 844 2738 eut
860 2691 902 2754 qui
918 2705 962 2738 nos
973 2690 1084 2739 leudibus
1094 2689 1204 2748 efferunt,
1215 2690 1367 2740 mentientur.
1397 2689 1432 2738 At

334 2772 418 2824 horum
429 2777 538 2818 neutrum
555 2770 649 2820 evenire
669 2777 778 2836 oportet:
797 2771 868 2819 immo
889 2786 943 2820 reru
960 2771 1094 2820 leudetores
1104 2778 1196 2821 nostros
1206 2787 1231 2821 re
1245 2771 1298 2836 ipse
1314 2771 1431 2835 precipue

330 2850 385 2900 iiius
395 2867 455 2910 esse,
466 2851 618 2900 ostendentes
627 2867 653 2901 se
663 2867 742 2902 revers
752 2859 862 2916 petentes
873 2852 934 2900 riros
945 2867 996 2902 esse
1008 2851 1119 2902 virorum.
1152 2851 1278 2902 Enimvero
1289 2844 1356 2902 'retus
1372 2851 1432 2900 iilud

273 2987 278 2996 ⁶
331 2931 488 2997 proverbium,
500 2930 567 2981 Nihil
578 2933 657 2988 nimis,
669 2933 728 2983 scite
747 2933 950 2982 dictumridetnr.
983 2931 1046 2982 Nem
1063 2934 1151 2998 quiite
1166 2933 1432 2997 secompersrit,uter

329 3027 355 3060 se
366 3012 418 3075 ipso
430 3012 645 3078 pendeentonsnie,
658 3027 711 3076 qnsr
722 3013 752 3060 sd
765 3011 934 3062 beetitndinem
952 3012 1087 3077 conferunt,
1097 3014 1135 3062 sel
1145 3028 1215 3078 qoem
1227 3013 1334 3078 prosi-e
1343 3013 1374 3061 ed
1386 3012 1432 3062 boc

329 3092 429 3149 secedit,
445 3092 521 3158 [tte]
538 3107 616 3157 oeque
626 3107 655 3142 es
674 3093 727 3142 eiiis
738 3095 828 3157 pendet
844 3093 988 3155 bominibus,
998 3093 1085 3158 quibus
1102 3095 1138 3142 sei
1150 3095 1209 3142 bene
1221 3092 1257 3142 rei
1270 3093 1330 3142 reeie
1339 3093 1433 3157 egenti·

328 3175 372 3222 bus
383 3188 425 3222 sos
436 3188 531 3239 quoque
542 3177 626 3224 meteri
636 3184 759 3240 cogentur,
771 3175 809 3224 bic
820 3176 910 3240 optime
920 3175 992 3224 ritem
1002 3174 1122 3224 institnit:
1140 3175 1178 3223 bic
1190 3182 1322 3237 temperens
1338 3181 1383 3234 est,
1391 3173 1432 3222 bic

327 3253 402 3313 iortis,
414 3255 454 3304 bie
466 3255 585 3320 prudens:
605 3256 643 3305 bie
654 3255 703 3305 sire
714 3256 827 3320 pecnrdn
838 3256 990 3306 ueneiseetur
999 3271 1028 3304 eo
1044 3255 1114 3311 filios.
1125 3256 1174 3304 sire
1191 3255 1293 3318 emittet,
1305 3251 1429 3318 proverbio

327 3349 419 3400 temper
431 3335 529 3400 putrebit.
549 3351 669 3400 nnnquern
680 3337 745 3387 eninr
764 3336 833 3386 nimis
849 3343 891 3386 snt
907 3336 990 3386 iustitie
1005 3337 1119 3386 esoitsbit
1135 3345 1177 3386 eut
1192 3336 1274 3385 doiore
1290 3333 1428 3397 dejicietur,

327 3424 451 3482 propterte
461 3418 525 3480 quod
537 3417 582 3482 ipei
594 3427 682 3482 pereet.
714 3417 785 3467 Tsies
803 3433 855 3468 esse
871 3426 897 3468 et
913 3425 1005 3468 nostros
1022 3419 1107 3468 debere
1123 3417 1260 3482 judicemus
1276 3423 1300 3464 et
1312 3415 1431 3464 roiumue.

325 3497 392 3563 etqui
402 3508 427 3548 et
437 3499 462 3547 in
473 3499 598 3563 presentie
608 3516 650 3548 nos
662 3500 725 3564 ipsos
734 3499 792 3549 teies
810 3499 905 3564 peuitos
920 3499 1067 3561 exhibemus,
1084 3499 1147 3548 heud
1157 3507 1221 3548 certe
1234 3497 1380 3562 perturbetur
1393 3493 1432 3542 rei

325 3579 399 3629 nimio
410 3587 474 3629 metu
485 3579 628 3644 perterritos,
640 3580 660 3628 ei
671 3585 735 3633 nune
747 3581 795 3630 rite
804 3580 920 3630 decedere
928 3595 972 3628 uos
980 3587 1097 3644 oporteet.
1130 3579 1232 3628 Oremns
1242 3591 1338 3642 quoque
1348 3583 1429 3638 petres

324 3667 415 3710 nostros
425 3675 453 3710 ec
464 3668 557 3722 matres,
570 3668 595 3708 ut
605 3660 711 3711 similiter
721 3661 801 3710 effecti
810 3663 882 3710 ritem
889 3661 991 3710 tutorem
999 3670 1080 3725 egent,
1088 3660 1199 3723 scientes,
1206 3659 1271 3724 quod
1279 3672 1328 3706 non
1335 3656 1429 3704 ismen-

325 3741 454 3789 tetiooibus
470 3739 686 3806 ejuistiouibusque
704 3741 805 3792 menime
822 3741 890 3790 nobis
907 3741 1115 3806 gretifioebunturc
1132 3754 1221 3797 rerum,
1238 3739 1257 3786 si
1268 3737 1321 3802 quis
1330 3743 1366 3786 est
1382 3735 1433 3798 bis,

326 3820 368 3884 qni
379 3821 485 3870 defuncti
497 3829 561 3884 sunt,
572 3837 653 3871 oensem
664 3821 803 3886 viventium,
814 3823 848 3872 ite
859 3823 957 3872 menime
968 3823 1036 3872 nobis
1048 3821 1141 3871 molesti
1151 3820 1225 3870 iuturi
1233 3827 1297 3875 snut,
1306 3818 1326 3867 si
1334 3816 1437 3881 seipsos

327 3899 475 3963 perdiderint
484 3909 509 3949 et
518 3903 599 3966 inique
611 3909 696 3952 sorim
708 3903 819 3953 sotertes:
837 3903 874 3952 sin
885 3911 964 3954 eutem
976 3904 1096 3952 moderete
1106 3917 1134 3951 ec
1146 3900 1237 3956 ieriter,
1248 3898 1317 3948 nobis
1328 3912 1437 3946 summo·

328 3993 383 4044 pere
395 3980 562 4043 obsequentur.
578 3991 658 4034 nostre
676 4000 745 4048 porro
755 4001 810 4033 eum
827 3985 879 4049 jem
891 3985 961 4034 finem
979 3985 1108 4040 hebebunt,
1124 3982 1166 4046 qui
1182 3979 1318 4030 bominibus
1328 3984 1365 4028 est
1375 3977 1434 4041 pui-

327 4060 471 4110 cberrimus:
496 4064 646 4126 quemobrem
669 4066 831 4116 coiieudende
852 4074 908 4114 sunt
929 4067 1010 4131 potius
1032 4079 1103 4130 quem
1125 4063 1244 4112 deflende.
1278 4058 1389 4110 Proiecto
1412 4056 1438 4106 si

328 4157 412 4190 usores
423 4145 513 4190 nostres
533 4143 640 4207 filiosque
652 4147 779 4196 tuebuntur
795 4155 821 4196 et
831 4147 944 4205 nutrient,
963 4147 1035 4195 ethis
1047 4146 1193 4201 incumbent,
1204 4143 1238 4191 ite
1249 4140 1348 4190 merisne
1359 4153 1437 4188 cuns

329 4219 445 4270 oblivioni
457 4224 612 4280 mundabunt,
628 4225 777 4287 pulchriosre
794 4235 820 4276 et
836 4229 922 4276 rectius
939 4227 1054 4290 nobisque
1066 4226 1154 4290 gratius
1166 4223 1236 4272 sitnm
1255 4228 1334 4285 egent.
1367 4217 1438 4266 Haee

327 4301 400 4365 igitur
411 4309 491 4349 nostro
503 4303 597 4350 nornine
609 4306 692 4352 nostris
704 4309 830 4370 predicere
841 4309 948 4358 sufficiet.
982 4306 1081 4356 Civitati
1090 4321 1144 4354 sero
1151 4304 1298 4357 mundemus,
1309 4307 1438 4363 otperen·

332 4390 382 4429 tum
394 4390 525 4432 nostrorum
544 4383 692 4448 utiornnque
703 4403 781 4436 curem
794 4391 888 4454 bobert,
906 4397 931 4438 ct
941 4389 984 4436 hos
1000 4387 1097 4452 quidem
1109 4387 1206 4434 honeste
1217 4383 1318 4445 erudiet,
1334 4380 1442 4429 iliorum

333 4465 423 4512 unium
441 4465 512 4529 digne
522 4465 609 4513 forent.
644 4465 804 4530 cognovimns
821 4479 884 4520 certe
902 4486 951 4525 ros,
966 4469 1057 4518 etiarnsi
1067 4469 1119 4517 haec
1130 4466 1226 4515 minime
1237 4462 1437 4528 preceperirnus,

333 4545 422 4608 optime
432 4552 561 4600 curatores.
596 4545 654 4597 Heu
664 4547 743 4614 igitur,
763 4568 779 4600 o
789 4551 831 4602 iiiii
844 4532 1008 4602 defunctorum
1021 4557 1092 4615 sique
1105 4553 1223 4614 parentes,
1234 4553 1261 4594 nt
1272 4557 1439 4598 moneremus,
