3102 5312
309 513 377 572 eur
747 505 946 574 pulionis
1323 511 1402 596 [sos

306 667 401 720 minsis
417 667 565 732 perronna.
580 681 681 733 quornm
697 667 722 716 in
730 669 916 734 operetlonibm,
927 667 1030 718 velutin
1041 667 1151 734 speculo.
1161 667 1269 718 Deorum
1280 668 1314 718 su
1324 669 1404 732 omme

307 747 479 812 negligentium
495 749 627 814 inspexisse
643 749 796 798 sristitnssti:
814 749 855 814 qoi
872 749 987 800 videlicet
997 751 1132 814 ignom,
1143 748 1174 800 sd
1185 748 1245 814 qnid
1255 765 1341 798 eorum
1351 765 1407 814 pso·

310 844 405 894 precem
416 831 526 880 universo
537 830 680 880 conducunt.
694 845 744 878 noo
755 837 936 894 oportetsutem
943 832 998 892 boc,
1006 846 1022 878 o
1029 832 1065 880 sir
1073 830 1276 896 promtissime,
1288 830 1407 894 ignorent.

311 909 378 974 quod
385 909 426 980 qul
437 913 522 968 nescit,
533 926 577 960 nec
590 910 684 960 visendi
695 911 795 960 lumem
806 926 911 975 unqusm
921 913 1062 976 conspiciet,
1073 927 1119 962 nec
1129 912 1201 960 verbs
1212 909 1243 960 de
1260 911 1317 960 rite
1334 909 1410 960 besti·

308 991 393 1040 tudine
409 991 447 1040 vel
464 993 560 1040 miseris
574 993 651 1042 iecere
668 993 763 1055 poterit.
777 1007 851 1058 quere
867 991 888 1040 si
904 991 996 1040 Cl'uriss
1012 993 1052 1042 bic
1064 1001 1090 1042 et
1102 990 1272 1040 universosbic
1283 990 1406 1040 seniorunt

312 1081 388 1120 cetus
405 1073 449 1122 eu
466 1074 585 1138 pennu
602 1081 636 1131 o,
653 1074 712 1138 quie
729 1072 760 1122 ts
778 1071 833 1122 Du
851 1061 1039 1138 dlmspenitm
1057 1072 1175 1136 ignorem,
1195 1073 1254 1120 uu·
1270 1071 1317 1120 uu
1339 1071 1409 1120 nm

313 1151 412 1200 iuverit:
430 1153 465 1202 sio
482 1168 539 1202 rero
554 1153 671 1202 ustionem
687 1153 764 1202 sdhuc
781 1154 884 1218 sliqusro
900 1153 1030 1210 desideres.
1046 1153 1110 1210 sudi,
1127 1169 1182 1218 qne
1193 1153 1224 1202 mi
1234 1153 1330 1200 tertium
1340 1151 1410 1200 illum

254 1235 260 1244 '
313 1231 429 1290 dicemus,
446 1233 466 1282 si
483 1249 531 1298 quo
548 1243 618 1298 pecto
636 1235 721 1284 mentis
736 1251 761 1284 es
778 1237 908 1300 perticeps.
930 1235 1037 1300 prolecto
1061 1235 1128 1284 Deos
1152 1249 1204 1282 esse
1228 1234 1411 1298 hominibusque

313 1313 436 1378 providere
452 1315 509 1362 estis
525 1315 623 1363 erbitror
638 1315 835 1366 demonstrstom.
851 1315 895 1364 sed
919 1317 1052 1380 iniquorum
1073 1314 1195 1364 bominum
1214 1329 1257 1362 eos
1277 1315 1414 1364 muneribus

314 1394 443 1460 eorrumpi,
458 1395 526 1444 nullo
543 1393 613 1443 modo
629 1395 677 1444 dici
693 1395 880 1460 permittendum
894 1405 945 1446 est:
964 1405 996 1454 et,
1013 1396 1033 1444 si
1049 1395 1152 1458 dicetur,
1162 1396 1257 1444 omuino
1267 1410 1313 1460 pro
1324 1395 1416 1444 viribon

313 1473 477 1524 relutsodum.
509 1475 567 1526 Cur.
585 1475 701 1524 Preclere
718 1475 824 1526 meum:
842 1485 867 1524 et
882 1477 918 1526 sic
933 1493 1039 1542 sqsmos.
1078 1476 1182 1526 Aroes.
1206 1475 1259 1540 Age
1275 1476 1348 1539 iginn
1365 1490 1413 1539 per

315 1555 384 1604 Dece
399 1557 474 1620 ipsos¹
490 1569 595 1620 quonam
611 1557 682 1604 modo
697 1558 827 1621 placabiles
842 1557 910 1614 liunt,
926 1559 948 1606 si
963 1573 1011 1622 qno
1027 1566 1098 1622 pecto
1115 1557 1188 1606 fient:
1205 1557 1315 1620 etqoiet
1325 1556 1413 1620 quoles

316 1645 381 1692 esne
392 1637 414 1686 ei
426 1635 549 1701 plecenuir
560 1625 568 1684 θ’
586 1637 707 1701 principes
718 1639 782 1686 enim
792 1655 846 1688 esse
853 1655 895 1688 eos
905 1655 1002 1689 necesse
1013 1648 1058 1696 est,
1068 1639 1111 1704 qui
1118 1647 1193 1688 toturn
1201 1639 1288 1686 celum
1295 1644 1414 1700 perpetuo

316 1715 470 1792 guberneturi
480 1727 544 1766 sunt.
577 1717 636 1767 Cur.
648 1713 733 1768 Certe.
763 1721 867 1768 Aruns.
883 1721 931 1770 Sed
938 1721 1080 1786 quibuscum
1088 1718 1331 1786 principibuseimiles
1339 1717 1413 1766 suot?

317 1797 388 1862 quise
399 1797 447 1846 illis
457 1798 579 1862 principes
589 1799 688 1858 similes,
700 1810 728 1848 ut
737 1802 852 1865 possibile
863 1803 932 1850 nobis
947 1802 979 1850 sit
995 1803 1097 1850 minores
1112 1801 1243 1866 mejoribus
1253 1798 1413 1870 comperero?

318 1885 400 1926 utrum
418 1879 506 1940 euripo
517 1879 589 1944 estqui
607 1882 748 1930 anutium
768 1883 875 1946 biqumm
891 1884 952 1932 telos
970 1891 1034 1940 suot.
1053 1891 1095 1932 sot
1110 1883 1206 1930 nedum
1223 1879 1414 1946 goberostoru!

318 1951 416 2008 {ortem
427 1967 504 2008 tutem
512 1961 661 2010 exercituum
671 1961 770 2012 ducibus
780 1965 883 2012 conlerri
894 1964 1046 2028 possuntque!
1058 1961 1165 2018 medicis.
1181 1963 1224 2028 qui
1240 1961 1304 2010 belle
1320 1960 1414 2010 romb-

318 2051 370 2087 ntrs
381 2039 411 2088 sb
419 2039 528 2088 humenis
539 2043 678 2106 corporibus
688 2053 770 2094 meent
780 2053 852 2110 etque
859 2045 1014 2110 propulsent:
1034 2045 1107 2110 [900]
1124 2051 1167 2094 sut
1176 2043 1295 2108 ignicolis,
1306 2041 1414 2090 inimices

318 2121 450 2170 orientibus
465 2113 580 2186 stirpibus
603 2131 757 2188 tempestntes
780 2127 919 2174 timentibus
942 2126 1141 2190 cerentibusqne:
1164 2133 1206 2172 sut
1224 2123 1298 2171 etiem
1314 2135 1414 2185 gregum

319 2207 525 2266 cruentorumque
542 2205 683 2268 pectoribus.
700 2221 754 2254 nem
771 2223 825 2256 curn
848 2207 911 2256 inter
934 2222 978 2256 uos
993 2207 1138 2262 convenerit,
1153 2203 1277 2252 multorum
1294 2203 1414 2250 boum

317 2281 492 2348 multorumque
500 2284 624 2340 melorum,
636 2293 660 2332 et
671 2285 767 2350 quidem
776 2287 888 2350 plurium.
899 2287 997 2350 plenum
1006 2301 1058 2336 esse
1070 2285 1161 2341 colum,
1172 2282 1302 2330 immortale
1312 2280 1414 2344 sliquod

317 2361 408 2412 bellum
425 2365 470 2422 boc
487 2373 524 2414 est
539 2373 565 2414 et
581 2365 681 2414 mirabili
697 2367 806 2416 custodis
822 2367 928 2432 indiget:
945 2367 988 2416 sed
1004 2367 1149 2436 opitulemur
1163 2367 1230 2416 nobis
1246 2365 1293 2414 Dii
1305 2365 1377 2414 simul
1387 2370 1416 2412 et

316 2441 443 2494 demones.
459 2460 504 2493 uos
513 2453 592 2494 sutem
604 2446 712 2495 Deorum
722 2448 903 2512 duonumque
915 2449 1032 2512 possessio
1048 2463 1138 2498 snmus.
1155 2463 1237 2496 serum
1251 2445 1375 2510 injustitie
1391 2452 1416 2494 ct

315 2521 499 2588 intemperatis
508 2542 555 2574 uus
566 2542 619 2574 cum
629 2527 791 2591 impnrdentie
801 2544 844 2578 nos
854 2541 1021 2594 corrumpunt:
1036 2529 1132 2594 justitie
1147 2543 1204 2578 sero
1219 2535 1245 2576 et
1256 2527 1415 2592 impensus

319 2617 376 2650 oum
385 2604 518 2666 prudentis,
536 2622 588 2672 qum
597 2607 622 2656 iu
635 2608 723 2658 uiribus
734 2609 841 2660 Deorum
852 2609 962 2660 mineus
970 2609 1111 2668 inhabitent,
1119 2609 1298 2660 solntemssobis
1305 2607 1418 2658 effetent-

318 2677 390 2732 bresc
401 2691 478 2734 sutem
488 2683 577 2751 aliquid
589 2679 672 2738 borum
684 2689 787 2740 bebitsrs
801 2691 826 2740 in
837 2692 915 2748 nobis,
924 2691 1050 2740 munileste
1061 2691 1118 2742 binc
1128 2691 1188 2741 licet
1197 2689 1341 2754 cmxpuee.
1356 2703 1416 2738 nem

320 2763 406 2812 enimn
422 2764 448 2814 in
463 2773 524 2814 terre
540 2769 650 2831 quedem
666 2771 807 2828 hebitentss,
823 2769 917 2836 injuste
932 2781 958 2822 et
973 2759 1074 2821 ferorum
1090 2773 1165 2822 iustu
1180 2781 1279 2826 moces,
1300 2769 1415 2820 edem

320 2843 446 2894 custodum
457 2846 554 2904 suimus,
566 2863 649 2896 cenum
661 2859 719 2914 puts
729 2860 771 2900 sut
780 2859 899 2916 postorum
914 2853 952 2900 sel
962 2853 1035 2902 etism
1050 2853 1223 2918 precipuoruso
1233 2851 1329 2902 omuino
1339 2849 1416 2900 ‹lomi-

319 2934 403 2972 oorum
418 2925 553 2992 insurgunt,
570 2929 740 2996 verborumque
758 2931 882 2982 lenociniis
897 2933 1114 2998 deprecstiooeqoe
1135 2933 1289 2997 quorundum
1303 2939 1416 2982 cenicum

319 3005 472 3070 persuadent,
488 3007 520 3056 ut¹
531 3008 594 3058 lemt
609 3011 722 3060 mulorum
739 3021 783 3070 est,
801 3015 874 3063 licere
890 3015 951 3062 mele
962 3013 1055 3078 egendo
1065 3001 1128 3064 iuter
1139 3014 1243 3062 bomiou
1254 3013 1300 3062 sibi
1312 3014 1417 3078 plurim

319 3101 442 3150 usurpem,
453 3104 498 3138 noc
508 3090 611 3154 sliqusm
623 3091 678 3140 inde
690 3107 784 3156 ponem
794 3096 934 3158 persolvere.
950 3095 995 3144 boc
1006 3109 1050 3144 nos
1059 3095 1178 3150 delictum,
1189 3109 1237 3158 quo
1247 3095 1278 3142 sd
1292 3095 1417 3158 usurpeti-

319 3181 390 3216 onem
400 3168 502 3232 plurium
512 3171 627 3237 iobistu‘r,
634 3173 660 3220 in
671 3173 810 3237 corporibus
821 3175 956 3224 suimelium
968 3175 1075 3224 morbum
1086 3191 1201 3231 vocemus,
1209 3175 1236 3222 in
1245 3174 1304 3224 soni
1319 3181 1416 3239 tenpo-

319 3248 385 3298 n'bus
395 3249 563 3314 pestilentium,
575 3253 599 3300 in
608 3253 745 3304 civitatibus
754 3257 873 3321 rebusque
883 3257 985 3320 publicis
995 3265 1138 3306 commuteto
1154 3256 1249 3306 nomine
1264 3254 1418 3319 injunium.

320 3327 378 3378 Cir.
395 3331 509 3380 Omnino.
542 3331 647 3384 Aturus.
664 3335 770 3386 Necesse
787 3345 824 3386 est
839 3337 912 3402 igitur
922 3353 984 3396 mm.
996 3339 1038 3403 qui
1048 3339 1134 3396 credit,
1151 3337 1219 3386 Deos
1230 3337 1327 3386 renisus
1338 3336 1418 3386 bomi-

320 3409 391 3460 nibus
400 3411 497 3476 iojustis
508 3414 620 3478 prebere.
632 3417 653 3464 si
664 3417 718 3482 quis
729 3418 787 3482 ipsis
796 3419 885 3483 rupinis
897 3427 990 3482 portem
1005 3419 1121 3476 tribuerit,
1131 3419 1212 3468 dicere
1222 3433 1265 3466 eos
1276 3432 1330 3466 esse
1341 3417 1420 3466 veluti

320 3505 401 3548 cena,
418 3493 504 3558 quibus
520 3495 569 3558 lupi
586 3495 726 3558 porticulum
741 3499 831 3563 rupina
847 3499 988 3556 concedent.
1004 3509 1030 3548 et
1047 3500 1089 3556 illi,
1106 3501 1244 3548 muneribus
1262 3498 1300 3546 bis
1315 3497 1420 3561 pinati,

318 3585 404 3648 greges
419 3573 489 3638 dln'pi
506 3575 633 3639 potientur.
649 3593 727 3628 noune
743 3579 782 3628 bic
799 3595 879 3628 eorum
896 3595 972 3630 sermo
988 3589 1033 3638 est,
1049 3580 1242 3646 qui'plscebiles
1265 3593 1317 3627 esse
1346 3577 1422 3627 Deos

318 3653 470 3718 predicent?
504 3655 562 3706 Cur.
579 3655 627 3706 liic
643 3667 716 3708 certe.
749 3659 851 3708 Arusu.
866 3645 914 3710 sed
929 3662 1016 3726 quibus
1031 3662 1195 3726 predictorum
1211 3660 1337 3710 custodum
1346 3657 1423 3708 Deos

318 3733 405 3798 uliquis
415 3737 547 3795 conserens,
559 3753 607 3786 non
618 3739 664 3788 erit
673 3740 775 3788 omnium
786 3741 909 3792 bominum
919 3741 1125 3792 ridiculosissimus
1137 3743 1146 3790 l
1163 3749 1243 3790 utrum
1253 3740 1423 3805 gemescu-

318 3813 372 3878 bus,
389 3818 428 3880 qui
444 3819 558 3868 libutioue
573 3819 623 3868 riui
639 3827 710 3884 etque.
727 3820 807 3870 nidore
830 3823 936 3872 carnium
959 3823 1073 3881 devoluti,
1090 3839 1177 3872 nerem
1194 3823 1266 3872 simul
1284 3831 1422 3886 mumque

315 3900 439 3946 evertunt?
471 3897 530 3948 Cur.
547 3900 658 3950 Minime.
691 3899 795 3950 Arnus.
810 3903 857 3952 Sed
875 3919 953 3968 neque
969 3903 1065 3969 euripis,
1077 3904 1120 3969 qui
1128 3904 1186 3952 dum
1198 3909 1301 3958 censui,
1312 3902 1423 3966 compti

317 3977 454 4026 muneribus
469 3979 655 4030 edummiorum
672 3982 776 4030 curribus
792 3984 915 4033 victorium
930 3985 1005 4049 ipsem
1022 3983 1163 4034 concedunt.
1196 3983 1256 4032 Cur.
1274 3982 1425 4036 Nouem.

315 4054 391 4118 turpis
400 4058 461 4106 enirn
470 4059 521 4108 boc
531 4061 554 4108 in
565 4059 633 4110 Deos
644 4064 796 4128 competitio.
829 4064 933 4116 Arneu.
950 4065 1027 4130 Atqui
1036 4082 1081 4116 nec
1093 4063 1273 4130 imperatoribus
1284 4078 1332 4113 noc
1341 4063 1423 4114 medi·

316 4133 351 4183 cis
369 4149 413 4184 nec
429 4137 536 4200 egricolis
559 4156 603 4190 nec
625 4135 758 4206 psstorib'us
781 4145 886 4194 similiter
907 4147 1033 4210 persuseis.
1057 4161 1102 4196 uec
1118 4146 1192 4194 etism
1207 4145 1310 4194 cunibus
1327 4146 1426 4196 meis.

314 4213 424 4280 luporum
433 4215 520 4266 blondo
530 4222 641 4270 seductis.
657 4220 735 4290 [907]
749 4225 806 4275 Cur.
818 4227 887 4275 lions
898 4227 977 4282 serbe.
988 4241 1078 4291 queso.
1094 4227 1146 4274 bec
1156 4225 1220 4274 euim
1232 4224 1359 4274 eudieuds
1367 4241 1426 4276 nost

312 4304 375 4346 sunt.
409 4295 513 4346 Arrius.
529 4299 615 4350 Nonne
625 4307 750 4354 custodum
759 4307 864 4356 omnium
879 4307 1009 4357 msximiet
1019 4309 1043 4356 in
1056 4306 1162 4356 mesimis
1172 4306 1244 4354 rebus
1255 4304 1299 4354 Dii
1309 4310 1421 4356 omnes?

313 4377 371 4428 Cu.
387 4377 426 4428 Its
440 4393 543 4442 prorsus.
574 4375 677 4433 Aruer.
693 4384 734 4434 An
750 4389 889 4452 optimorum
906 4403 982 4438 rerum
998 4387 1111 4438 coemes
1123 4387 1185 4436 etin
1196 4385 1283 4436 virtute
1294 4387 1424 4438 cusum·

277 4513 280 4522 Α
310 4459 407 4509 nimium
424 4457 568 4509 excellentes
583 4461 712 4514 deteriores
727 4483 781 4517 esee
797 4469 911 4528 dicemus,
927 4485 998 4533 quem
1014 4485 1086 4520 cenes
1102 4469 1256 4532 hominesque
1267 4467 1428 4536 mediocres,

310 4539 350 4604 qui
362 4557 479 4607 nunqusru
491 4542 625 4592 muneribus
637 4545 666 4594 sb
676 4545 770 4610 injustis
780 4551 912 4600 bominibus
921 4551 992 4616 impie
1003 4552 1110 4618 acceptis
1124 4549 1244 4616 justitium
1256 4549 1419 4614 proderent}

1283 4625 1300 4654 0
