3174 5296
161 526 232 604 378]
364 527 419 586 DE
440 526 704 599 statutum
727 525 1055 588 DocsR1·Poss1T.
1180 531 1239 594 tlt

160 675 297 732 nppsretes
308 671 352 721 huo
362 655 462 720 reticui.
494 669 616 722 Audis-isti
629 669 701 734 igitur
710 669 864 722 Themistocli
875 671 946 722 inisse
956 672 1031 720 filium
1050 671 1243 738 Cleophantum?

161 746 258 802 Audivi.
290 749 378 800 Nonne
387 765 464 816 neque
474 751 522 800 filio
532 750 655 800 invidisset
670 749 840 800 Themistocles
852 757 878 800 ut
886 751 989 816 optimus
1008 752 1085 802 uenus
1104 755 1180 802 esset?
1193 755 1243 818 .qui

160 843 218 878 eene
228 830 289 880 nulii
299 831 339 880 ulii
349 830 477 886 iuvidebst,
498 831 520 880 si
538 831 636 896 quidem
652 831 728 879 bonus
745 839 803 878 ιτιι.
819 839 870 878 eret
884 839 974 888 cutem,
990 840 1018 880 ut
1036 833 1146 882 diximus.
1180 833 1244 884 Erut.

160 907 231 958 Nosti
242 909 311 974 igitur
328 910 391 972 quod
401 911 574 961 Themistocles
585 911 661 960 filium
674 925 742 958 suum
752 909 840 966 docuit.
851 913 953 974 equitem
964 913 1096 974 cupientem
1111 928 1139 961 sc
1154 913 1243 964 ὴοιιιιι

160 1002 214 1039 esso
224 1006 230 1036 ι
242 997 268 1038 ut
278 990 374 1053 quidem
385 1007 515 1040 conscenso
524 1006 585 1054 equo
596 996 689 1038 eremus
700 990 724 1036 in
732 1004 761 1037 eo
769 997 843 1038 steret
850 990 900 1046 iiie,
912 999 937 1039 et
945 992 1243 1060 sbeqnisesectusjsculc·

160 1075 231 1126 tetur,
243 1077 268 1118 et
276 1069 322 1118 eiis
330 1071 405 1120 multu
415 1087 442 1119 sc
452 1070 587 1120 udmirnudu
597 1069 685 1126 incohet
696 1086 701 1114 :
710 1069 752 1116 sed
763 1078 789 1116 et
800 1070 846 1118 siin
856 1070 1014 1134 multnipsum
1024 1073 1130 1130 edocuit,
1140 1089 1168 1123 sc
1179 1075 1242 1140 sepi·

160 1155 238 1200 eutem
256 1149 320 1207 iecit,
331 1151 355 1200 in
366 1151 451 1216 quibus
459 1149 624 1213 prmstsutibus
636 1148 751 1212 magistris
760 1149 896 1198 inherebat.
913 1166 943 1198 su
955 1153 1006 1200 hoec
1017 1169 1045 1202 es
1056 1154 1185 1204 senioribus
1192 1169 1242 1204 noe

160 1227 287 1280 audivisti?
320 1229 421 1278 Audivi.
453 1230 510 1278 Non
524 1244 581 1290 ergo
601 1237 707 1276 nutumm
722 1229 765 1276 filii
785 1229 860 1294 ipsius
876 1245 986 1278 scemate
996 1233 1048 1294 quis
1058 1235 1146 1296 poterit
1158 1236 1241 1284 mmm

159 1307 238 1358 fuisse.
271 1309 327 1358 Nou
339 1310 449 1373 equidem
456 1309 532 1372 juste,
542 1325 571 1356 ex
582 1309 619 1358 his
629 1324 681 1372 que
700 1309 806 1358 tudinis.
839 1310 911 1366 Quod
920 1325 976 1358 vero
994 1311 1164 1374 Cleophantus,
1179 1314 1242 1364 The-

159 1387 407 1444 mendicetmeus
422 1390 498 1438 bonus
505 1396 531 1437 et
541 1389 636 1452 sepiens
651 1389 759 1438 fueritin
775 1389 812 1436 his
826 1390 851 1438 in
867 1389 952 1454 quibus
973 1399 1041 1454 puter
1056 1391 1130 1454 ipsius
1149 1393 1244 1458 sapiens

159 1475 218 1524 erut.
231 1469 362 1532 hoeuejsrn
374 1483 389 1514 e
396 1468 489 1532 juniore
497 1475 538 1517 sut
548 1470 639 1516 seniore
649 1470 729 1532 aliquo
739 1467 850 1519 audivisti
861 1470 869 1516 ?
903 1468 960 1516 Nou
971 1470 1059 1518 oudini.
1091 1471 1155 1520 Num
1172 1473 1244 1538 igitur

158 1547 210 1596 hec
217 1547 314 1610 quidem
322 1555 429 1611 putemus
437 1547 517 1610 ipsum
528 1548 630 1596 voluisse
640 1549 714 1596 hlium
725 1564 791 1598 suum
800 1550 901 1598 docere:
912 1549 939 1596 in
947 1566 994 1614 que
1002 1567 1057 1598 sero
1064 1552 1182 1614 sepientis
1190 1553 1243 1616 ipse

159 1627 255 1692 sepiens
266 1634 325 1684 eret,
336 1627 410 1677 nihilo
420 1628 542 1676 meliorem
552 1628 631 1692 ipsum
650 1627 699 1676 ullo
717 1628 796 1678 vicino
814 1629 900 1686 secere,
919 1632 940 1680 si
956 1631 1053 1696 quidem
1071 1631 1151 1680 doceri
1170 1631 1244 1682 virtus

160 1706 256 1770 posset?
289 1705 445 1772 Nequuquum
465 1707 591 1756 verisimile
602 1715 647 1756 est.
680 1707 727 1756 Hic
737 1707 817 1772 itsqus
827 1711 883 1758 tulis
893 1712 938 1759 tibi
953 1711 1045 1762 uirtutis
1055 1710 1137 1760 doctor
1150 1719 1195 1771 est,
1212 1713 1243 1762 de

160 1801 207 1850 quo
218 1786 306 1836 dixisti.
324 1787 397 1836 elium
408 1804 462 1838 sero
473 1787 646 1836 consideremus
651 1787 791 1845 Aristidem,
802 1789 842 1852 qui
849 1790 958 1839 edunsvit
966 1791 1063 1854 quidem
1070 1791 1244 1856 Lysimachum.

160 1871 185 1914 et
195 1866 300 1914 erudivit
309 1868 397 1932 optime
408 1869 511 1916 omnium
521 1868 712 1924 Atheniensium,
724 1869 749 1916 in
766 1869 801 1916 his
812 1871 897 1934 quibus
906 1872 1024 1934 magistris
1034 1871 1169 1920 adunabat
1179 1890 1185 1919 ι
1203 1873 1246 1924 sed

160 1945 238 1997 ιὶιιιι
247 1947 314 1994 nullo
325 1948 447 1996 meliorem
455 1949 521 1997 fecit.
551 1949 623 1997 Hunc
634 1949 696 1998 enim
707 1957 766 1996 ettu
776 1957 801 1998 et
810 1965 856 2013 ego
865 1950 976 2006 vidimus.
988 1959 1013 1998 et
1022 1967 1076 2000 eum
1086 1952 1140 2014 ipso
1148 1968 1244 2002 conses-

159 2025 206 2074 seti
216 2040 304 2074 sumus.
336 2027 424 2080 utinm.
456 2027 528 2078 Nosti
537 2028 609 2092 igitur
621 2029 685 2091 quod
697 2028 800 2077 Pericles
807 2044 887 2078 rursus
897 2029 1008 2078 educavit
1018 2029 1127 2078 Petslum
1137 2037 1162 2080 et
1178 2031 1245 2080 Xon·

159 2103 284 2170 thippum:
313 2122 413 2171 quorum
430 2109 531 2158 sitorum
551 2117 578 2158 tu
597 2109 668 2158 etism
688 2123 778 2156 amoses
798 2109 857 2156 mihi
871 2107 969 2158 sideris.
1001 2109 1053 2158 Hos
1074 2117 1162 2167 temen,
1181 2112 1246 2160 velot

160 2183 234 2232 etism
242 2191 269 2234 tn
279 2187 351 2242 nosti,
362 2188 442 2238 docuit
453 2188 547 2253 quidem
559 2195 586 2238 ut
600 2188 693 2252 equites
715 2196 793 2236 essem
814 2189 880 2238 nullo
899 2188 1081 2238 Atheniensium
1097 2190 1243 2240 deteriorem

160 2264 185 2312 in
196 2265 285 2314 musice
295 2281 389 2330 quoque
400 2283 427 2316 sc
435 2269 528 2332 relique
539 2269 655 2332 pulsestrs,
665 2268 765 2331 aliisque
776 2267 862 2316 studiis
875 2283 929 2330 quus
937 2276 986 2316 este
1005 2270 1120 2318 docentur
1135 2270 1247 2328 erudivit,

161 2351 189 2392 nt
199 2345 265 2394 nullo
276 2345 404 2396 deteriores
414 2357 508 2397 esseut:
526 2349 601 2398 bonos
614 2356 692 2397 eutem
711 2347 773 2396 siros
787 2348 865 2396 fucere
881 2362 930 2396 non
949 2345 1059 2396 vo'lshnt?
1092 2349 1127 2397 At
1141 2349 1246 2400 tortuosis

161 2423 219 2476 fecti
238 2433 353 2482 esseut,o
372 2429 487 2486 Socrates,
508 2429 528 2477 si
549 2445 596 2477 non
610 2427 712 2491 juvenes
721 2427 808 2476 mortui
822 2435 908 2476 esseut.
940 2427 978 2476 Tu
990 2427 1086 2491 quidem
1096 2429 1181 2478 merito
1193 2429 1245 2492 opi·

160 2505 245 2558 tuleris
256 2515 334 2554 smeto
344 2507 404 2556 tibi:
417 2508 522 2558 Pericles
532 2515 612 2558 ιιιοιιι
625 2509 687 2564 iilos,
698 2508 773 2556 sinist
784 2507 864 2556 doceri
875 2515 962 2570 posset,
979 2516 1004 2554 et
1013 2508 1087 2556 bonos
1097 2509 1161 2572 ipsos
1168 2508 1246 2558 iecere

162 2585 289 2648 potuisset.
299 2587 372 2634 multo
382 2589 448 2652 psius
458 2589 483 2636 in
492 2604 535 2636 sue
543 2589 629 2636 virtute
640 2588 760 2651 sopientes
771 2587 867 2636 fecisset
876 2602 948 2650 quem
955 2588 981 2636 iu
988 2588 1081 2636 musice
1088 2595 1115 2635 et
1131 2589 1249 2650 psioestn.

162 2663 204 2716 sed
215 2663 295 2715 duceni
305 2675 460 2730 conpeteret.
483 2667 556 2732 [378]
578 2667 799 2733 NumThucydides
817 2682 911 2730 quoque
921 2682 1001 2720 nume
1020 2667 1119 2716 ostilio·
1129 2667 1250 2729 educavit,

164 2743 328 2794 Melssiumet
338 2748 492 2810 Stephanum,
502 2749 626 2811 dequibus
637 2747 749 2796 tudicere
759 2763 809 2796 uon
819 2755 886 2810 potes
904 2763 933 2798 es
951 2763 1004 2810 qun
1020 2746 1050 2795 de
1072 2747 1171 2798 Periclis
1191 2747 1248 2796 filiis

144 2817 148 2824 “
163 2823 255 2873 disisti.
287 2825 378 2874 Horum
388 2829 451 2874 enim
459 2829 557 2876 alterum
568 2828 640 2875 etism
649 2835 676 2875 tu
691 2827 791 2876 needed
805 2835 1005 2890 senectamusqns
1024 2827 1119 2889 vixisse,
1138 2829 1249 2885 aiterum,

165 2903 292 2952 admodum
304 2906 354 2954 diu.
386 2906 435 2955 Sed
443 2916 469 2954 et
478 2908 596 2970 hosputer
607 2907 631 2954 in
642 2907 695 2955 eliis
706 2907 777 2970 probe
787 2907 897 2962 erudivit,
908 2915 934 2955 et
949 2905 1034 2970 optimi
1056 2907 1160 2956 omnium
1171 2907 1248 2956 Athe-

163 2985 282 3034 niensium
290 2987 530 3038 luctetosesfuerunt.
547 2987 645 3036 eit'erum
664 2988 726 3035 euim
738 2986 848 3034 Xanthia
858 2987 964 3042 eredidit,
975 2988 1075 3034 ultorum
1095 2986 1204 3035 Eudoxo:
1222 2986 1247 3034 hi

163 3079 219 3113 vero
228 3074 287 3114 tune
298 3069 401 3116 omnium
411 3069 500 3131 optime
512 3069 595 3118 luctari
605 3067 757 3132 putchuutur.
774 3065 860 3114 Etiam.
879 3065 965 3112 Nonne
976 3065 1015 3112 hic
1025 3079 1145 3127 nunquens
1154 3065 1249 3112 iecisset
1308 3129 1312 3142 ¹

163 3153 190 3192 ot
200 3146 252 3194 hunc
260 3145 355 3209 quidem
364 3147 425 3194 filios
436 3163 489 3195 suos
498 3146 626 3202 docuisset,
633 3145 659 3192 in
669 3160 721 3208 qum
729 3150 849 3206 sumptum
860 3144 891 3190 sd
909 3143 1042 3190 docendum
1059 3143 1137 3190 fecere
1154 3151 1251 3206 oporte·

164 3223 223 3272 bet?
243 3225 270 3272 in
277 3226 340 3287 quud
350 3240 404 3273 vero
413 3225 472 3274 nihii
482 3233 618 3288 sumptuum
626 3225 703 3274 iecere
715 3221 845 3286 oportebat,
855 3228 883 3270 ut
891 3221 974 3277 bonos.
982 3221 1107 3284 preciosos
1116 3227 1140 3269 et
1156 3221 1248 3270 eximio

164 3303 296 3366 prudentie
307 3304 414 3352 homines
423 3313 449 3352 et
460 3305 521 3353 siros
529 3306 626 3361 feceret,
635 3307 680 3352 hoc
692 3317 739 3351 nou
748 3301 875 3358 docuisset,
887 3302 906 3349 si
918 3301 998 3348 doceri
1009 3301 1142 3364 potuisset?
1159 3301 1249 3350 Verisi-

164 3383 222 3432 mile
234 3391 280 3431 est.
313 3382 349 3432 At
358 3384 462 3432 ionussis
472 3383 624 3449 Thucydides
635 3383 688 3431 vilis
698 3383 765 3430 erut?
798 3380 833 3429 At
842 3396 919 3429 nonne
931 3379 1033 3428 hebebst
1043 3379 1130 3428 amicos
1139 3380 1250 3444 pludmos

166 3463 335 3519 suanenses,
347 3463 559 3520 ausonensium,
578 3471 698 3514 uerus:
714 3462 907 3525 manutenetis.
914 3459 1158 3524 etusesepotssfioe
1167 3459 1250 3510 centn

166 3542 271 3598 ciuitate,
279 3550 332 3594 tum
340 3544 404 3594 inter
413 3545 471 3594 elios
482 3543 596 3594 Gneus?
614 3545 694 3601 Quoue
703 3543 724 3592 si
732 3545 777 3592 hoc
790 3541 870 3590 duceni
880 3540 1001 3604 potuisset.
1011 3539 1139 3604 reperisset
1147 3540 1252 3602 diuitem

167 3625 206 3686 qui
214 3625 262 3688 ipsi
271 3625 333 3674 filios
342 3625 415 3674 honos
425 3625 552 3680 effecisset,
563 3631 604 3674 cut
614 3641 644 3674 ex
654 3624 780 3687 indigenis,
792 3630 833 3672 sut
845 3621 875 3670 de
886 3621 998 3680 extemis,
1010 3621 1030 3667 si
1041 3618 1102 3684 ipss'
1111 3620 1186 3668 otium
1202 3633 1251 3668 son

166 3703 305 3754 hebebstob
315 3707 451 3770 reipublic·
462 3721 549 3756 cumn.
581 3703 688 3762 Amin,
700 3721 715 3753 o
725 3705 810 3758 amice,
819 3703 894 3752 sistus
910 3700 991 3750 duceri
1002 3715 1049 3748 nnn
1061 3705 1164 3763 potent.
1195 3697 1253 3748 Nom

167 3782 281 3834 mutu
312 3787 348 3836 At
358 3787 443 3836 verosi
457 3787 537 3836 duceni
547 3803 596 3836 non
616 3795 704 3851 potest.
721 3800 781 3834 num
798 3791 883 3832 netues
898 3781 1040 3845 pioveniunt
1056 3780 1129 3828 boui?
1145 3786 1171 3826 et
1186 3777 1251 3826 tusus

167 3865 214 3914 hoc
228 3867 298 3916 modo
313 3869 492 3918 consideremus
507 3868 613 3917 fortassis
629 3868 783 3931 reperiemus.
815 3864 869 3927 Age
888 3862 960 3911 enisu·
992 3861 1054 3910 Sunt
1073 3858 1142 3908 nohis
1161 3865 1252 3906 nemen

168 3948 428 4009 squosnmbonorum?
461 3951 528 3998 Stmt.
561 3947 649 3998 Nonne
661 3955 716 3996 sumt
726 3945 833 3994 homines
843 3943 937 4008 quidem
948 3941 1074 4004 quicrtem
1094 3945 1186 3994 tenent,
1204 3953 1253 4000 qus

167 4027 281 4076 husonum
291 4043 405 4092 equorum
414 4037 510 4078 notum
519 4036 673 4092 cognoscunt,
683 4035 710 4076 et
718 4027 849 4076 „cundum
864 4037 950 4086 cuspus
960 4023 995 4070 ed
1004 4037 1105 4076 cussum,
1125 4027 1151 4068 et
1168 4033 1254 4068 secum

169 4107 225 4156 dum
236 4107 347 4166 nimam,
359 4117 409 4157 tum
417 4111 460 4173 qui
469 4110 541 4157 enimi
551 4109 672 4163 concitati,
681 4117 729 4156 tum
737 4106 779 4169 qui
789 4104 880 4167 dejecti
890 4111 945 4152 suust
954 4102 1045 4150 enimi?
1077 4101 1163 4152 sunm.
1192 4101 1253 4158 Ques

167 4188 241 4252 igitur
251 4189 535 4253 hccmestiqnodest
550 4191 589 4238 ilii
605 4187 708 4236 num?
742 4185 873 4250 Equestris.
903 4183 992 4255 dimne
1010 4184 1080 4231 etism
1099 4183 1163 4230 circs
1182 4192 1254 4228 house

168 4267 250 4320 eodem
261 4269 331 4317 modo
342 4270 451 4332 quoda
461 4283 501 4318 sss
509 4279 546 4318 est
556 4286 605 4333 qne.
613 4270 685 4320 δοιιιιι
696 4275 721 4315 et
730 4266 806 4314 melos
815 4280 900 4313 esuum
910 4271 1007 4312 nemen
1016 4261 1171 4312 discemuut?
1203 4255 1255 4304 sss.

169 4349 230 4406 Ques
239 4350 309 4396 hec?
326 4349 463 4398 Venetoric.
473 4350 549 4414 Atqui
559 4359 584 4398 et
594 4351 657 4398 circs
667 4363 747 4396 surum
758 4357 783 4395 et
793 4355 921 4408 ungentum
929 4345 1059 4394 suntuohis
1075 4340 1254 4390 exemisetoses·

168 4432 210 4492 qui
220 4443 253 4478 es
261 4437 357 4493 sepestu
363 4429 473 4494 judicent
481 4439 507 4478 et
525 4431 587 4494 quud
597 4431 682 4481 melius
691 4435 728 4476 est
746 4437 770 4476 et
791 4427 858 4490 quod
874 4427 993 4476 &winsi
1025 4425 1093 4472 Sumt-
1125 4415 1253 4475 Qtfflmffl

166 4509 241 4574 igitun
249 4511 383 4560 hossocne?
417 4511 580 4574 :becumine-
595 4511 646 4560 sos
655 4519 679 4560 et
691 4508 824 4574 pedeti-ibn
836 4507 966 4572 efflando
976 4506 1119 4568 cognoscunt
1130 4511 1254 4561 cerpoossn
