<?xml version="1.0" encoding="UTF-8"?>
<!DOCTYPE html PUBLIC "-//W3C//DTD XHTML 1.0 Transitional//EN"
    "http://www.w3.org/TR/xhtml1/DTD/xhtml1-transitional.dtd">
<html xmlns="http://www.w3.org/1999/xhtml" xml:lang="en" lang="en">
 <head>
  <title>
</title>
<meta http-equiv="Content-Type" content="text/html;charset=utf-8" />
  <meta name='ocr-system' content='tesseract 3.04.00' />
  <meta name='ocr-capabilities' content='ocr_page ocr_carea ocr_par ocr_line ocrx_word'/>
</head>
<body>
  <div class='ocr_page' id='page_1' title='image "./platonisetquaev05bekkgoog_0442.png"; bbox 0 0 3174 5306; ppageno 0'>
   <div class='ocr_carea' id='block_1_1' title="bbox 326 485 1423 586">
    <p class='ocr_par' dir='ltr' id='par_1_1' title="bbox 326 485 1423 586">
     <span class='ocr_line' id='line_1_1' title="bbox 326 485 1423 586; baseline 0.006 -30"><span class='ocrx_word' id='word_1_1' title='bbox 326 497 386 560; x_wconf 75' lang='lat' dir='ltr'><strong>reu</strong></span> <span class='ocrx_word' id='word_1_2' title='bbox 747 495 947 560; x_wconf 67' lang='lat' dir='ltr'><strong>ruiturus</strong></span> <span class='ocrx_word' id='word_1_3' title='bbox 1091 485 1094 504; x_wconf 88' lang='lat'>&#39;</span> <span class='ocrx_word' id='word_1_4' title='bbox 1341 503 1423 586; x_wconf 83' lang='lat' dir='ltr'><strong>[ero</strong></span> 
     </span>
    </p>
   </div>
   <div class='ocr_carea' id='block_1_2' title="bbox 309 651 1421 3864">
    <p class='ocr_par' dir='ltr' id='par_1_2' title="bbox 309 651 1421 3864">
     <span class='ocr_line' id='line_1_2' title="bbox 325 651 1417 722; baseline 0.005 -20"><span class='ocrx_word' id='word_1_5' title='bbox 325 651 456 719; x_wconf 86' lang='lat' dir='ltr'><strong>impietstis</strong></span> <span class='ocrx_word' id='word_1_6' title='bbox 464 653 561 704; x_wconf 82' lang='lat' dir='ltr'><strong>erirnlse</strong></span> <span class='ocrx_word' id='word_1_7' title='bbox 571 651 859 710; x_wconf 59' lang='lat' dir='ltr'><strong>antrustionum</strong></span> <span class='ocrx_word' id='word_1_8' title='bbox 871 654 999 717; x_wconf 81' lang='lat' dir='ltr'><strong>plectetur·</strong></span> <span class='ocrx_word' id='word_1_9' title='bbox 1014 652 1059 702; x_wconf 87' lang='lat' dir='ltr'><strong>ted</strong></span> <span class='ocrx_word' id='word_1_10' title='bbox 1074 661 1130 703; x_wconf 78' lang='lat' dir='ltr'><strong>sunt</strong></span> <span class='ocrx_word' id='word_1_11' title='bbox 1139 657 1257 714; x_wconf 75' lang='lat' dir='ltr'><strong>nonulli.</strong></span> <span class='ocrx_word' id='word_1_12' title='bbox 1265 656 1308 722; x_wconf 88' lang='lat' dir='ltr'><strong>qni</strong></span> <span class='ocrx_word' id='word_1_13' title='bbox 1317 655 1351 707; x_wconf 89' lang='lat' dir='ltr'><strong>sd</strong></span> <span class='ocrx_word' id='word_1_14' title='bbox 1360 669 1417 706; x_wconf 64' lang='lat' dir='ltr'>n</span> 
     </span>
     <span class='ocr_line' id='line_1_3' title="bbox 327 733 1421 802; baseline 0.002 -18"><span class='ocrx_word' id='word_1_15' title='bbox 327 736 472 799; x_wconf 85' lang='lat' dir='ltr'><strong>opinionem,</strong></span> <span class='ocrx_word' id='word_1_16' title='bbox 491 734 555 800; x_wconf 87' lang='lat' dir='ltr'><strong>qnod</strong></span> <span class='ocrx_word' id='word_1_17' title='bbox 575 733 618 783; x_wconf 90' lang='lat' dir='ltr'><strong>Dii</strong></span> <span class='ocrx_word' id='word_1_18' title='bbox 631 734 687 791; x_wconf 86' lang='lat' dir='ltr'><strong>sint,</strong></span> <span class='ocrx_word' id='word_1_19' title='bbox 706 734 744 782; x_wconf 90' lang='lat' dir='ltr'><strong>vel</strong></span> <span class='ocrx_word' id='word_1_20' title='bbox 754 733 910 797; x_wconf 67' lang='lat' dir='ltr'><strong>negligentes</strong></span> <span class='ocrx_word' id='word_1_21' title='bbox 926 733 964 782; x_wconf 90' lang='lat' dir='ltr'><strong>vel</strong></span> <span class='ocrx_word' id='word_1_22' title='bbox 982 733 1115 798; x_wconf 87' lang='lat' dir='ltr'><strong>plsosbiles</strong></span> <span class='ocrx_word' id='word_1_23' title='bbox 1132 737 1187 794; x_wconf 86' lang='lat' dir='ltr'><strong>sint,</strong></span> <span class='ocrx_word' id='word_1_24' title='bbox 1198 737 1313 786; x_wconf 80' lang='lat' dir='ltr'><strong>inmsues</strong></span> <span class='ocrx_word' id='word_1_25' title='bbox 1323 751 1421 802; x_wconf 84' lang='lat' dir='ltr'><strong>qnoqss</strong></span> 
     </span>
     <span class='ocr_line' id='line_1_4' title="bbox 327 813 1419 882; baseline 0.003 -18"><span class='ocrx_word' id='word_1_26' title='bbox 327 815 388 864; x_wconf 84' lang='lat' dir='ltr'><strong>iunt</strong></span> <span class='ocrx_word' id='word_1_27' title='bbox 398 816 550 880; x_wconf 71' lang='lat' dir='ltr'><strong>hominesque</strong></span> <span class='ocrx_word' id='word_1_28' title='bbox 561 815 706 879; x_wconf 85' lang='lat' dir='ltr'><strong>despiciunt,</strong></span> <span class='ocrx_word' id='word_1_29' title='bbox 716 821 742 863; x_wconf 86' lang='lat' dir='ltr'><strong>et</strong></span> <span class='ocrx_word' id='word_1_30' title='bbox 751 815 858 863; x_wconf 81' lang='lat' dir='ltr'><strong>viventes</strong></span> <span class='ocrx_word' id='word_1_31' title='bbox 867 813 899 862; x_wconf 90' lang='lat' dir='ltr'><strong>sd</strong></span> <span class='ocrx_word' id='word_1_32' title='bbox 909 829 935 863; x_wconf 90' lang='lat' dir='ltr'><strong>se</strong></span> <span class='ocrx_word' id='word_1_33' title='bbox 949 815 1036 862; x_wconf 81' lang='lat' dir='ltr'><strong>multos</strong></span> <span class='ocrx_word' id='word_1_34' title='bbox 1049 815 1158 865; x_wconf 69' lang='lat' dir='ltr'><strong>illiciunt</strong></span> <span class='ocrx_word' id='word_1_35' title='bbox 1174 819 1354 882; x_wconf 80' lang='lat' dir='ltr'><strong>stusbuntqnsr</strong></span> <span class='ocrx_word' id='word_1_36' title='bbox 1370 833 1419 868; x_wconf 85' lang='lat' dir='ltr'><strong>nst</strong></span> 
     </span>
     <span class='ocr_line' id='line_1_5' title="bbox 326 895 1420 962; baseline 0.001 -16"><span class='ocrx_word' id='word_1_37' title='bbox 326 909 374 946; x_wconf 85' lang='lat' dir='ltr'><strong>non</strong></span> <span class='ocrx_word' id='word_1_38' title='bbox 385 897 509 946; x_wconf 81' lang='lat' dir='ltr'><strong>defunctos</strong></span> <span class='ocrx_word' id='word_1_39' title='bbox 518 913 544 946; x_wconf 86' lang='lat' dir='ltr'><strong>se</strong></span> <span class='ocrx_word' id='word_1_40' title='bbox 553 898 645 946; x_wconf 81' lang='lat' dir='ltr'><strong>trebete</strong></span> <span class='ocrx_word' id='word_1_41' title='bbox 652 896 815 961; x_wconf 84' lang='lat' dir='ltr'><strong>oossolsriqos</strong></span> <span class='ocrx_word' id='word_1_42' title='bbox 821 895 913 952; x_wconf 86' lang='lat' dir='ltr'><strong>dicunt,</strong></span> <span class='ocrx_word' id='word_1_43' title='bbox 921 896 1107 961; x_wconf 84' lang='lat' dir='ltr'><strong>preitentnrquc</strong></span> <span class='ocrx_word' id='word_1_44' title='bbox 1116 909 1142 946; x_wconf 88' lang='lat' dir='ltr'><strong>ee</strong></span> <span class='ocrx_word' id='word_1_45' title='bbox 1152 897 1292 962; x_wconf 84' lang='lat' dir='ltr'><strong>Dsosipsos</strong></span> <span class='ocrx_word' id='word_1_46' title='bbox 1299 899 1420 956; x_wconf 78' lang='lat' dir='ltr'><strong>osoribus,</strong></span> 
     </span>
     <span class='ocr_line' id='line_1_6' title="bbox 326 976 1419 1043; baseline 0.002 -15"><span class='ocrx_word' id='word_1_47' title='bbox 326 978 446 1028; x_wconf 69' lang='lat' dir='ltr'><strong>aurificiis</strong></span> <span class='ocrx_word' id='word_1_48' title='bbox 455 978 563 1043; x_wconf 78' lang='lat' dir='ltr'><strong>votisque</strong></span> <span class='ocrx_word' id='word_1_49' title='bbox 573 977 686 1029; x_wconf 87' lang='lat' dir='ltr'><strong>mulcere.</strong></span> <span class='ocrx_word' id='word_1_50' title='bbox 702 985 727 1026; x_wconf 86' lang='lat' dir='ltr'><strong>et</strong></span> <span class='ocrx_word' id='word_1_51' title='bbox 737 979 783 1026; x_wconf 86' lang='lat' dir='ltr'><strong>boo</strong></span> <span class='ocrx_word' id='word_1_52' title='bbox 793 977 913 1026; x_wconf 85' lang='lat' dir='ltr'><strong>lenocinio</strong></span> <span class='ocrx_word' id='word_1_53' title='bbox 922 983 1046 1036; x_wconf 79' lang='lat' dir='ltr'><strong>tenentur,</strong></span> <span class='ocrx_word' id='word_1_54' title='bbox 1057 976 1287 1030; x_wconf 74' lang='lat' dir='ltr'><strong>domosetcivltsms</strong></span> <span class='ocrx_word' id='word_1_55' title='bbox 1294 980 1419 1030; x_wconf 76' lang='lat' dir='ltr'><strong>snivmsss</strong></span> 
     </span>
     <span class='ocr_line' id='line_1_7' title="bbox 325 1058 1416 1124; baseline 0.004 -16"><span class='ocrx_word' id='word_1_56' title='bbox 325 1059 478 1124; x_wconf 76' lang='lat' dir='ltr'><strong>pecuniarum</strong></span> <span class='ocrx_word' id='word_1_57' title='bbox 488 1060 564 1122; x_wconf 79' lang='lat' dir='ltr'><strong>grstis</strong></span> <span class='ocrx_word' id='word_1_58' title='bbox 573 1058 680 1124; x_wconf 75' lang='lat' dir='ltr'><strong>perdere.</strong></span> <span class='ocrx_word' id='word_1_59' title='bbox 697 1071 778 1108; x_wconf 84' lang='lat' dir='ltr'><strong>eorum</strong></span> <span class='ocrx_word' id='word_1_60' title='bbox 785 1060 826 1123; x_wconf 88' lang='lat' dir='ltr'><strong>qui</strong></span> <span class='ocrx_word' id='word_1_61' title='bbox 836 1058 961 1108; x_wconf 84' lang='lat' dir='ltr'><strong>dsrnostns</strong></span> <span class='ocrx_word' id='word_1_62' title='bbox 969 1059 1050 1117; x_wconf 85' lang='lat' dir='ltr'><strong>inerit,</strong></span> <span class='ocrx_word' id='word_1_63' title='bbox 1061 1061 1087 1108; x_wconf 89' lang='lat' dir='ltr'><strong>in</strong></span> <span class='ocrx_word' id='word_1_64' title='bbox 1096 1059 1275 1110; x_wconf 82' lang='lat' dir='ltr'><strong>mediterrsneis</strong></span> <span class='ocrx_word' id='word_1_65' title='bbox 1283 1061 1416 1112; x_wconf 75' lang='lat' dir='ltr'><strong>cmuedbss</strong></span> 
     </span>
     <span class='ocr_line' id='line_1_8' title="bbox 324 1139 1415 1206; baseline 0.001 -17"><span class='ocrx_word' id='word_1_66' title='bbox 324 1141 508 1196; x_wconf 66' lang='lat' dir='ltr'><strong>vinciturque</strong></span> <span class='ocrx_word' id='word_1_67' title='bbox 524 1139 586 1190; x_wconf 87' lang='lat' dir='ltr'><strong>ullus</strong></span> <span class='ocrx_word' id='word_1_68' title='bbox 604 1141 665 1190; x_wconf 87' lang='lat' dir='ltr'><strong>liber</strong></span> <span class='ocrx_word' id='word_1_69' title='bbox 680 1155 786 1205; x_wconf 89' lang='lat' dir='ltr'><strong>uuqusm</strong></span> <span class='ocrx_word' id='word_1_70' title='bbox 803 1140 835 1190; x_wconf 89' lang='lat' dir='ltr'><strong>sd</strong></span> <span class='ocrx_word' id='word_1_71' title='bbox 854 1155 908 1190; x_wconf 87' lang='lat' dir='ltr'><strong>euru</strong></span> <span class='ocrx_word' id='word_1_72' title='bbox 926 1139 1043 1190; x_wconf 72' lang='lat' dir='ltr'><strong>soced-tte</strong></span> <span class='ocrx_word' id='word_1_73' title='bbox 1060 1139 1103 1190; x_wconf 88' lang='lat' dir='ltr'><strong>sed</strong></span> <span class='ocrx_word' id='word_1_74' title='bbox 1118 1149 1231 1192; x_wconf 87' lang='lat' dir='ltr'><strong>ststutum</strong></span> <span class='ocrx_word' id='word_1_75' title='bbox 1246 1143 1293 1206; x_wconf 86' lang='lat' dir='ltr'><strong>ipsi</strong></span> <span class='ocrx_word' id='word_1_76' title='bbox 1308 1142 1415 1206; x_wconf 61' lang='lat' dir='ltr'><strong>steen</strong></span> 
     </span>
     <span class='ocr_line' id='line_1_9' title="bbox 326 1217 1419 1288; baseline -0.002 -14"><span class='ocrx_word' id='word_1_77' title='bbox 326 1225 464 1274; x_wconf 69' lang='lat' dir='ltr'><strong>custodibus</strong></span> <span class='ocrx_word' id='word_1_78' title='bbox 473 1223 551 1272; x_wconf 85' lang='lat' dir='ltr'><strong>eibum</strong></span> <span class='ocrx_word' id='word_1_79' title='bbox 562 1222 623 1271; x_wconf 84' lang='lat' dir='ltr'><strong>servi</strong></span> <span class='ocrx_word' id='word_1_80' title='bbox 632 1217 732 1270; x_wconf 78' lang='lat' dir='ltr'><strong>efferent</strong></span> <span class='ocrx_word' id='word_1_81' title='bbox 743 1241 749 1284; x_wconf 70' lang='lat'>3</span> <span class='ocrx_word' id='word_1_82' title='bbox 765 1223 817 1271; x_wconf 87' lang='lat' dir='ltr'><strong>vite</strong></span> <span class='ocrx_word' id='word_1_83' title='bbox 826 1222 931 1288; x_wconf 87' lang='lat' dir='ltr'><strong>denique</strong></span> <span class='ocrx_word' id='word_1_84' title='bbox 941 1223 1047 1272; x_wconf 77' lang='lat' dir='ltr'><strong>iunctum</strong></span> <span class='ocrx_word' id='word_1_85' title='bbox 1058 1230 1123 1272; x_wconf 80' lang='lat' dir='ltr'><strong>extus</strong></span> <span class='ocrx_word' id='word_1_86' title='bbox 1133 1223 1235 1288; x_wconf 72' lang='lat' dir='ltr'><strong>regionis</strong></span> <span class='ocrx_word' id='word_1_87' title='bbox 1242 1223 1301 1272; x_wconf 75' lang='lat' dir='ltr'><strong>ines</strong></span> <span class='ocrx_word' id='word_1_88' title='bbox 1311 1223 1419 1288; x_wconf 86' lang='lat' dir='ltr'><strong>insepul-</strong></span> 
     </span>
     <span class='ocr_line' id='line_1_10' title="bbox 326 1303 1419 1371; baseline 0 -17"><span class='ocrx_word' id='word_1_89' title='bbox 326 1313 375 1354; x_wconf 72' lang='lat' dir='ltr'><strong>tum</strong></span> <span class='ocrx_word' id='word_1_90' title='bbox 386 1307 490 1371; x_wconf 82' lang='lat' dir='ltr'><strong>ejicient.</strong></span> <span class='ocrx_word' id='word_1_91' title='bbox 503 1319 574 1369; x_wconf 83' lang='lat' dir='ltr'><strong>quem</strong></span> <span class='ocrx_word' id='word_1_92' title='bbox 590 1303 611 1352; x_wconf 84' lang='lat' dir='ltr'><strong>si</strong></span> <span class='ocrx_word' id='word_1_93' title='bbox 627 1304 680 1367; x_wconf 88' lang='lat' dir='ltr'><strong>quis</strong></span> <span class='ocrx_word' id='word_1_94' title='bbox 696 1303 755 1351; x_wconf 87' lang='lat' dir='ltr'><strong>liber</strong></span> <span class='ocrx_word' id='word_1_95' title='bbox 770 1304 898 1368; x_wconf 80' lang='lat' dir='ltr'><strong>sepelierit,</strong></span> <span class='ocrx_word' id='word_1_96' title='bbox 907 1317 923 1352; x_wconf 89' lang='lat' dir='ltr'><strong>s</strong></span> <span class='ocrx_word' id='word_1_97' title='bbox 933 1305 1027 1354; x_wconf 84' lang='lat' dir='ltr'><strong>volente</strong></span> <span class='ocrx_word' id='word_1_98' title='bbox 1036 1303 1167 1370; x_wconf 81' lang='lat' dir='ltr'><strong>inpletstis</strong></span> <span class='ocrx_word' id='word_1_99' title='bbox 1176 1305 1276 1354; x_wconf 78' lang='lat' dir='ltr'><strong>erimine</strong></span> <span class='ocrx_word' id='word_1_100' title='bbox 1285 1311 1419 1354; x_wconf 65' lang='lat' dir='ltr'><strong>seeum.</strong></span> 
     </span>
     <span class='ocr_line' id='line_1_11' title="bbox 326 1385 1416 1452; baseline -0.002 -16"><span class='ocrx_word' id='word_1_101' title='bbox 326 1388 390 1452; x_wconf 91' lang='lat' dir='ltr'><strong>quod</strong></span> <span class='ocrx_word' id='word_1_102' title='bbox 408 1387 429 1435; x_wconf 87' lang='lat' dir='ltr'><strong>ei</strong></span> <span class='ocrx_word' id='word_1_103' title='bbox 445 1386 506 1434; x_wconf 79' lang='lat' dir='ltr'><strong>filios</strong></span> <span class='ocrx_word' id='word_1_104' title='bbox 520 1385 644 1449; x_wconf 86' lang='lat' dir='ltr'><strong>reliquerit</strong></span> <span class='ocrx_word' id='word_1_105' title='bbox 658 1385 750 1433; x_wconf 73' lang='lat' dir='ltr'><strong>civitati</strong></span> <span class='ocrx_word' id='word_1_106' title='bbox 760 1385 910 1442; x_wconf 77' lang='lat' dir='ltr'><strong>sufficientes,</strong></span> <span class='ocrx_word' id='word_1_107' title='bbox 921 1387 1076 1449; x_wconf 87' lang='lat' dir='ltr'><strong>orpbsnorum</strong></span> <span class='ocrx_word' id='word_1_108' title='bbox 1088 1393 1178 1435; x_wconf 88' lang='lat' dir='ltr'><strong>tutores</strong></span> <span class='ocrx_word' id='word_1_109' title='bbox 1188 1387 1268 1435; x_wconf 81' lang='lat' dir='ltr'><strong>borum</strong></span> <span class='ocrx_word' id='word_1_110' title='bbox 1278 1399 1325 1436; x_wconf 81' lang='lat' dir='ltr'><strong>urst</strong></span> <span class='ocrx_word' id='word_1_111' title='bbox 1337 1385 1416 1434; x_wconf 84' lang='lat' dir='ltr'><strong>minvs</strong></span> 
     </span>
     <span class='ocr_line' id='line_1_12' title="bbox 326 1465 1415 1534; baseline -0.003 -16"><span class='ocrx_word' id='word_1_112' title='bbox 326 1485 397 1534; x_wconf 82' lang='lat' dir='ltr'><strong>quern</strong></span> <span class='ocrx_word' id='word_1_113' title='bbox 405 1469 549 1532; x_wconf 89' lang='lat' dir='ltr'><strong>reliquorum</strong></span> <span class='ocrx_word' id='word_1_114' title='bbox 558 1467 588 1514; x_wconf 87' lang='lat' dir='ltr'><strong>sb</strong></span> <span class='ocrx_word' id='word_1_115' title='bbox 599 1481 631 1516; x_wconf 86' lang='lat' dir='ltr'><strong>eo</strong></span> <span class='ocrx_word' id='word_1_116' title='bbox 642 1465 690 1522; x_wconf 88' lang='lat' dir='ltr'><strong>dis,</strong></span> <span class='ocrx_word' id='word_1_117' title='bbox 701 1481 748 1530; x_wconf 87' lang='lat' dir='ltr'><strong>quo</strong></span> <span class='ocrx_word' id='word_1_118' title='bbox 759 1466 885 1516; x_wconf 86' lang='lat' dir='ltr'><strong>dsmnstus</strong></span> <span class='ocrx_word' id='word_1_119' title='bbox 895 1467 966 1516; x_wconf 80' lang='lat' dir='ltr'><strong>suerit</strong></span> <span class='ocrx_word' id='word_1_120' title='bbox 976 1477 1052 1531; x_wconf 81' lang='lat' dir='ltr'><strong>peter,</strong></span> <span class='ocrx_word' id='word_1_121' title='bbox 1068 1481 1150 1516; x_wconf 84' lang='lat' dir='ltr'><strong>cmsm</strong></span> <span class='ocrx_word' id='word_1_122' title='bbox 1164 1467 1273 1516; x_wconf 84' lang='lat' dir='ltr'><strong>bsbesnt.</strong></span> <span class='ocrx_word' id='word_1_123' title='bbox 1288 1467 1330 1515; x_wconf 85' lang='lat' dir='ltr'><strong>sed</strong></span> <span class='ocrx_word' id='word_1_124' title='bbox 1346 1481 1415 1516; x_wconf 88' lang='lat' dir='ltr'><strong>eum·</strong></span> 
     </span>
     <span class='ocr_line' id='line_1_13' title="bbox 325 1546 1415 1614; baseline -0.002 -16"><span class='ocrx_word' id='word_1_125' title='bbox 325 1550 403 1599; x_wconf 87' lang='lat' dir='ltr'><strong>munis</strong></span> <span class='ocrx_word' id='word_1_126' title='bbox 421 1551 451 1598; x_wconf 91' lang='lat' dir='ltr'><strong>de</strong></span> <span class='ocrx_word' id='word_1_127' title='bbox 468 1547 574 1596; x_wconf 89' lang='lat' dir='ltr'><strong>omnibus</strong></span> <span class='ocrx_word' id='word_1_128' title='bbox 590 1548 627 1596; x_wconf 88' lang='lat' dir='ltr'><strong>bis</strong></span> <span class='ocrx_word' id='word_1_129' title='bbox 644 1547 683 1596; x_wconf 87' lang='lat' dir='ltr'><strong>ier</strong></span> <span class='ocrx_word' id='word_1_130' title='bbox 702 1549 747 1596; x_wconf 88' lang='lat' dir='ltr'><strong>ists</strong></span> <span class='ocrx_word' id='word_1_131' title='bbox 761 1557 871 1614; x_wconf 83' lang='lat' dir='ltr'><strong>ponetur,</strong></span> <span class='ocrx_word' id='word_1_132' title='bbox 890 1563 943 1613; x_wconf 78' lang='lat' dir='ltr'><strong>qus</strong></span> <span class='ocrx_word' id='word_1_133' title='bbox 952 1548 1025 1598; x_wconf 82' lang='lat' dir='ltr'><strong>isciet</strong></span> <span class='ocrx_word' id='word_1_134' title='bbox 1036 1555 1062 1596; x_wconf 88' lang='lat' dir='ltr'><strong>ut</strong></span> <span class='ocrx_word' id='word_1_135' title='bbox 1070 1549 1142 1598; x_wconf 83' lang='lat' dir='ltr'><strong>multi</strong></span> <span class='ocrx_word' id='word_1_136' title='bbox 1150 1549 1229 1596; x_wconf 88' lang='lat' dir='ltr'><strong>minus</strong></span> <span class='ocrx_word' id='word_1_137' title='bbox 1238 1547 1308 1597; x_wconf 84' lang='lat' dir='ltr'><strong>verbo</strong></span> <span class='ocrx_word' id='word_1_138' title='bbox 1316 1555 1342 1596; x_wconf 87' lang='lat' dir='ltr'><strong>st</strong></span> <span class='ocrx_word' id='word_1_139' title='bbox 1351 1561 1376 1596; x_wconf 88' lang='lat' dir='ltr'><strong>te</strong></span> <span class='ocrx_word' id='word_1_140' title='bbox 1387 1546 1415 1596; x_wconf 85' lang='lat' dir='ltr'><strong>in</strong></span> 
     </span>
     <span class='ocr_line' id='line_1_14' title="bbox 324 1627 1415 1694; baseline -0.002 -14"><span class='ocrx_word' id='word_1_141' title='bbox 324 1631 392 1680; x_wconf 85' lang='lat' dir='ltr'><strong>Deos</strong></span> <span class='ocrx_word' id='word_1_142' title='bbox 400 1637 509 1694; x_wconf 85' lang='lat' dir='ltr'><strong>peccent,</strong></span> <span class='ocrx_word' id='word_1_143' title='bbox 524 1637 549 1677; x_wconf 90' lang='lat' dir='ltr'><strong>et</strong></span> <span class='ocrx_word' id='word_1_144' title='bbox 560 1636 586 1676; x_wconf 90' lang='lat' dir='ltr'><strong>ut</strong></span> <span class='ocrx_word' id='word_1_145' title='bbox 602 1628 631 1677; x_wconf 87' lang='lat' dir='ltr'><strong>sb</strong></span> <span class='ocrx_word' id='word_1_146' title='bbox 646 1630 749 1678; x_wconf 84' lang='lat' dir='ltr'><strong>ementis</strong></span> <span class='ocrx_word' id='word_1_147' title='bbox 765 1635 920 1679; x_wconf 76' lang='lat' dir='ltr'><strong>revocentur:</strong></span> <span class='ocrx_word' id='word_1_148' title='bbox 937 1643 968 1678; x_wconf 82' lang='lat' dir='ltr'><strong>ex</strong></span> <span class='ocrx_word' id='word_1_149' title='bbox 984 1645 1013 1678; x_wconf 87' lang='lat' dir='ltr'><strong>eo</strong></span> <span class='ocrx_word' id='word_1_150' title='bbox 1031 1631 1097 1694; x_wconf 89' lang='lat' dir='ltr'><strong>qnod</strong></span> <span class='ocrx_word' id='word_1_151' title='bbox 1113 1645 1161 1679; x_wconf 84' lang='lat' dir='ltr'><strong>oon</strong></span> <span class='ocrx_word' id='word_1_152' title='bbox 1180 1629 1263 1678; x_wconf 75' lang='lat' dir='ltr'><strong>licebit</strong></span> <span class='ocrx_word' id='word_1_153' title='bbox 1279 1629 1347 1678; x_wconf 89' lang='lat' dir='ltr'><strong>Deos</strong></span> <span class='ocrx_word' id='word_1_154' title='bbox 1366 1627 1415 1678; x_wconf 87' lang='lat' dir='ltr'><strong>sibi</strong></span> 
     </span>
     <span class='ocr_line' id='line_1_15' title="bbox 324 1706 1415 1777; baseline -0.003 -17"><span class='ocrx_word' id='word_1_155' title='bbox 324 1706 476 1776; x_wconf 84' lang='lat' dir='ltr'><strong>Deorumque</strong></span> <span class='ocrx_word' id='word_1_156' title='bbox 494 1723 562 1759; x_wconf 83' lang='lat' dir='ltr'><strong>sucre</strong></span> <span class='ocrx_word' id='word_1_157' title='bbox 578 1717 664 1774; x_wconf 79' lang='lat' dir='ltr'><strong>preter</strong></span> <span class='ocrx_word' id='word_1_158' title='bbox 680 1712 746 1775; x_wconf 76' lang='lat' dir='ltr'><strong>leges</strong></span> <span class='ocrx_word' id='word_1_159' title='bbox 764 1711 882 1777; x_wconf 82' lang='lat' dir='ltr'><strong>effingere.</strong></span> <span class='ocrx_word' id='word_1_160' title='bbox 909 1711 940 1761; x_wconf 86' lang='lat' dir='ltr'><strong>sit</strong></span> <span class='ocrx_word' id='word_1_161' title='bbox 964 1719 1044 1760; x_wconf 85' lang='lat' dir='ltr'><strong>sutem</strong></span> <span class='ocrx_word' id='word_1_162' title='bbox 1061 1711 1101 1760; x_wconf 85' lang='lat' dir='ltr'><strong>lex</strong></span> <span class='ocrx_word' id='word_1_163' title='bbox 1122 1709 1255 1776; x_wconf 85' lang='lat' dir='ltr'><strong>bnjnrmodi</strong></span> <span class='ocrx_word' id='word_1_164' title='bbox 1274 1709 1415 1774; x_wconf 83' lang='lat' dir='ltr'><strong>simpliciter</strong></span> 
     </span>
     <span class='ocr_line' id='line_1_16' title="bbox 324 1789 1414 1857; baseline -0.003 -16"><span class='ocrx_word' id='word_1_165' title='bbox 324 1791 549 1856; x_wconf 86' lang='lat' dir='ltr'><strong>cunctirimpoeits:</strong></span> <span class='ocrx_word' id='word_1_166' title='bbox 567 1791 660 1840; x_wconf 78' lang='lat' dir='ltr'><strong>Sseells</strong></span> <span class='ocrx_word' id='word_1_167' title='bbox 669 1807 740 1841; x_wconf 85' lang='lat' dir='ltr'><strong>nemo</strong></span> <span class='ocrx_word' id='word_1_168' title='bbox 751 1793 775 1840; x_wconf 83' lang='lat' dir='ltr'><strong>in</strong></span> <span class='ocrx_word' id='word_1_169' title='bbox 787 1794 879 1857; x_wconf 84' lang='lat' dir='ltr'><strong>pn&#39;vets</strong></span> <span class='ocrx_word' id='word_1_170' title='bbox 889 1793 960 1841; x_wconf 89' lang='lat' dir='ltr'><strong>domo</strong></span> <span class='ocrx_word' id='word_1_171' title='bbox 971 1791 1065 1841; x_wconf 82' lang='lat' dir='ltr'><strong>bnbest·</strong></span> <span class='ocrx_word' id='word_1_172' title='bbox 1080 1801 1133 1842; x_wconf 84' lang='lat' dir='ltr'><strong>eum</strong></span> <span class='ocrx_word' id='word_1_173' title='bbox 1144 1793 1311 1842; x_wconf 78' lang='lat' dir='ltr'><strong>verosnirnum</strong></span> <span class='ocrx_word' id='word_1_174' title='bbox 1321 1791 1374 1854; x_wconf 87' lang='lat' dir='ltr'><strong>quis</strong></span> <span class='ocrx_word' id='word_1_175' title='bbox 1382 1789 1414 1838; x_wconf 92' lang='lat' dir='ltr'><strong>sd</strong></span> 
     </span>
     <span class='ocr_line' id='line_1_17' title="bbox 323 1871 1415 1937; baseline 0 -15"><span class='ocrx_word' id='word_1_176' title='bbox 323 1873 504 1922; x_wconf 67' lang='lat' dir='ltr'><strong>notificandum</strong></span> <span class='ocrx_word' id='word_1_177' title='bbox 518 1873 646 1928; x_wconf 75' lang='lat' dir='ltr'><strong>induxerit,</strong></span> <span class='ocrx_word' id='word_1_178' title='bbox 661 1873 691 1921; x_wconf 88' lang='lat' dir='ltr'><strong>sd</strong></span> <span class='ocrx_word' id='word_1_179' title='bbox 710 1874 806 1937; x_wconf 81' lang='lat' dir='ltr'><strong>publice</strong></span> <span class='ocrx_word' id='word_1_180' title='bbox 823 1873 991 1923; x_wconf 73' lang='lat' dir='ltr'><strong>ssodficsturus</strong></span> <span class='ocrx_word' id='word_1_181' title='bbox 1000 1874 1109 1930; x_wconf 84' lang='lat' dir='ltr'><strong>secedet,</strong></span> <span class='ocrx_word' id='word_1_182' title='bbox 1119 1873 1315 1923; x_wconf 85' lang='lat' dir='ltr'><strong>stsscerdotibus</strong></span> <span class='ocrx_word' id='word_1_183' title='bbox 1324 1871 1415 1922; x_wconf 78' lang='lat' dir='ltr'><strong>besum</strong></span> 
     </span>
     <span class='ocr_line' id='line_1_18' title="bbox 321 1951 1414 2019; baseline -0.002 -17"><span class='ocrx_word' id='word_1_184' title='bbox 321 1954 432 2018; x_wconf 74' lang='lat' dir='ltr'><strong>prebent,</strong></span> <span class='ocrx_word' id='word_1_185' title='bbox 443 1954 484 2018; x_wconf 89' lang='lat' dir='ltr'><strong>qui</strong></span> <span class='ocrx_word' id='word_1_186' title='bbox 494 1969 574 2003; x_wconf 84' lang='lat' dir='ltr'><strong>curem</strong></span> <span class='ocrx_word' id='word_1_187' title='bbox 584 1955 666 2002; x_wconf 89' lang='lat' dir='ltr'><strong>bsrum</strong></span> <span class='ocrx_word' id='word_1_188' title='bbox 676 1969 756 2003; x_wconf 87' lang='lat' dir='ltr'><strong>rerum</strong></span> <span class='ocrx_word' id='word_1_189' title='bbox 766 1953 896 2004; x_wconf 74' lang='lat' dir='ltr'><strong>osstimime</strong></span> <span class='ocrx_word' id='word_1_190' title='bbox 905 1961 998 2019; x_wconf 74' lang='lat' dir='ltr'><strong>gerunt.</strong></span> <span class='ocrx_word' id='word_1_191' title='bbox 1014 1955 1153 2019; x_wconf 83' lang='lat' dir='ltr'><strong>quibuscum</strong></span> <span class='ocrx_word' id='word_1_192' title='bbox 1163 1956 1250 2019; x_wconf 88' lang='lat' dir='ltr'><strong>etipse</strong></span> <span class='ocrx_word' id='word_1_193' title='bbox 1259 1961 1319 2009; x_wconf 88' lang='lat' dir='ltr'><strong>oret,</strong></span> <span class='ocrx_word' id='word_1_194' title='bbox 1327 1951 1414 2016; x_wconf 90' lang='lat' dir='ltr'><strong>etqni-</strong></span> 
     </span>
     <span class='ocr_line' id='line_1_19' title="bbox 322 2035 1412 2100; baseline -0.002 -16"><span class='ocrx_word' id='word_1_195' title='bbox 322 2049 415 2100; x_wconf 87' lang='lat' dir='ltr'><strong>cunque</strong></span> <span class='ocrx_word' id='word_1_196' title='bbox 425 2051 478 2084; x_wconf 89' lang='lat' dir='ltr'><strong>cum</strong></span> <span class='ocrx_word' id='word_1_197' title='bbox 488 2051 518 2084; x_wconf 87' lang='lat' dir='ltr'><strong>eo</strong></span> <span class='ocrx_word' id='word_1_198' title='bbox 529 2036 598 2084; x_wconf 83' lang='lat' dir='ltr'><strong>simrd</strong></span> <span class='ocrx_word' id='word_1_199' title='bbox 609 2051 675 2084; x_wconf 84' lang='lat' dir='ltr'><strong>orsre</strong></span> <span class='ocrx_word' id='word_1_200' title='bbox 685 2037 752 2084; x_wconf 87' lang='lat' dir='ltr'><strong>velit.</strong></span> <span class='ocrx_word' id='word_1_201' title='bbox 769 2037 820 2086; x_wconf 77' lang='lat' dir='ltr'><strong>bec</strong></span> <span class='ocrx_word' id='word_1_202' title='bbox 829 2035 886 2086; x_wconf 87' lang='lat' dir='ltr'><strong>ideo</strong></span> <span class='ocrx_word' id='word_1_203' title='bbox 895 2037 927 2084; x_wconf 91' lang='lat' dir='ltr'><strong>its</strong></span> <span class='ocrx_word' id='word_1_204' title='bbox 935 2036 1002 2092; x_wconf 80' lang='lat' dir='ltr'><strong>fient,</strong></span> <span class='ocrx_word' id='word_1_205' title='bbox 1013 2037 1069 2100; x_wconf 90' lang='lat' dir='ltr'><strong>quis</strong></span> <span class='ocrx_word' id='word_1_206' title='bbox 1079 2037 1167 2086; x_wconf 84' lang='lat' dir='ltr'><strong>sseells</strong></span> <span class='ocrx_word' id='word_1_207' title='bbox 1175 2045 1200 2086; x_wconf 88' lang='lat' dir='ltr'><strong>et</strong></span> <span class='ocrx_word' id='word_1_208' title='bbox 1209 2037 1277 2086; x_wconf 85' lang='lat' dir='ltr'><strong>Deos</strong></span> <span class='ocrx_word' id='word_1_209' title='bbox 1286 2035 1412 2083; x_wconf 84' lang='lat' dir='ltr'><strong>instituere</strong></span> 
     </span>
     <span class='ocr_line' id='line_1_20' title="bbox 320 2117 1413 2182; baseline -0.004 -17"><span class='ocrx_word' id='word_1_210' title='bbox 320 2131 370 2165; x_wconf 86' lang='lat' dir='ltr'><strong>noo</strong></span> <span class='ocrx_word' id='word_1_211' title='bbox 386 2117 457 2166; x_wconf 85' lang='lat' dir='ltr'><strong>iseile</strong></span> <span class='ocrx_word' id='word_1_212' title='bbox 478 2125 522 2164; x_wconf 87' lang='lat' dir='ltr'><strong>est.</strong></span> <span class='ocrx_word' id='word_1_213' title='bbox 537 2118 626 2181; x_wconf 84' lang='lat' dir='ltr'><strong>quippe</strong></span> <span class='ocrx_word' id='word_1_214' title='bbox 646 2118 725 2182; x_wconf 76' lang='lat' dir='ltr'><strong>megni</strong></span> <span class='ocrx_word' id='word_1_215' title='bbox 745 2117 834 2182; x_wconf 79' lang='lat' dir='ltr'><strong>ingenii</strong></span> <span class='ocrx_word' id='word_1_216' title='bbox 850 2125 895 2174; x_wconf 86' lang='lat' dir='ltr'><strong>est,</strong></span> <span class='ocrx_word' id='word_1_217' title='bbox 910 2125 974 2168; x_wconf 83' lang='lat' dir='ltr'><strong>tecte</strong></span> <span class='ocrx_word' id='word_1_218' title='bbox 989 2131 1041 2166; x_wconf 79' lang='lat' dir='ltr'><strong>tem</strong></span> <span class='ocrx_word' id='word_1_219' title='bbox 1055 2119 1123 2167; x_wconf 78' lang='lat' dir='ltr'><strong>tuom</strong></span> <span class='ocrx_word' id='word_1_220' title='bbox 1133 2117 1217 2168; x_wconf 75' lang='lat' dir='ltr'><strong>iecere.</strong></span> <span class='ocrx_word' id='word_1_221' title='bbox 1232 2118 1309 2165; x_wconf 86' lang='lat' dir='ltr'><strong>solent</strong></span> <span class='ocrx_word' id='word_1_222' title='bbox 1329 2121 1413 2162; x_wconf 82' lang='lat' dir='ltr'><strong>sutem</strong></span> 
     </span>
     <span class='ocr_line' id='line_1_21' title="bbox 321 2195 1411 2262; baseline -0.004 -16"><span class='ocrx_word' id='word_1_223' title='bbox 321 2199 433 2247; x_wconf 84' lang='lat' dir='ltr'><strong>mulieres</strong></span> <span class='ocrx_word' id='word_1_224' title='bbox 442 2199 569 2262; x_wconf 78' lang='lat' dir='ltr'><strong>precipue,</strong></span> <span class='ocrx_word' id='word_1_225' title='bbox 577 2213 606 2246; x_wconf 90' lang='lat' dir='ltr'><strong>sc</strong></span> <span class='ocrx_word' id='word_1_226' title='bbox 616 2197 790 2256; x_wconf 84' lang='lat' dir='ltr'><strong>imbecilliores,</strong></span> <span class='ocrx_word' id='word_1_227' title='bbox 802 2206 828 2246; x_wconf 87' lang='lat' dir='ltr'><strong>et</strong></span> <span class='ocrx_word' id='word_1_228' title='bbox 836 2199 862 2247; x_wconf 90' lang='lat' dir='ltr'><strong>in</strong></span> <span class='ocrx_word' id='word_1_229' title='bbox 870 2199 976 2262; x_wconf 87' lang='lat' dir='ltr'><strong>periculo</strong></span> <span class='ocrx_word' id='word_1_230' title='bbox 988 2200 1117 2256; x_wconf 81' lang='lat' dir='ltr'><strong>constituti,</strong></span> <span class='ocrx_word' id='word_1_231' title='bbox 1127 2207 1152 2248; x_wconf 88' lang='lat' dir='ltr'><strong>et</strong></span> <span class='ocrx_word' id='word_1_232' title='bbox 1158 2197 1298 2260; x_wconf 77' lang='lat' dir='ltr'><strong>indigentes,</strong></span> <span class='ocrx_word' id='word_1_233' title='bbox 1306 2195 1411 2242; x_wconf 82' lang='lat' dir='ltr'><strong>nlricnn·</strong></span> 
     </span>
     <span class='ocr_line' id='line_1_22' title="bbox 320 2274 1411 2344; baseline -0.002 -18"><span class='ocrx_word' id='word_1_234' title='bbox 320 2295 367 2344; x_wconf 92' lang='lat' dir='ltr'><strong>qne</strong></span> <span class='ocrx_word' id='word_1_235' title='bbox 385 2280 502 2342; x_wconf 72' lang='lat' dir='ltr'><strong>quispiam</strong></span> <span class='ocrx_word' id='word_1_236' title='bbox 518 2277 633 2342; x_wconf 81' lang='lat' dir='ltr'><strong>indigest,</strong></span> <span class='ocrx_word' id='word_1_237' title='bbox 651 2287 677 2327; x_wconf 86' lang='lat' dir='ltr'><strong>et</strong></span> <span class='ocrx_word' id='word_1_238' title='bbox 692 2287 776 2328; x_wconf 88' lang='lat' dir='ltr'><strong>oontrs</strong></span> <span class='ocrx_word' id='word_1_239' title='bbox 791 2280 888 2344; x_wconf 88' lang='lat' dir='ltr'><strong>qusudo</strong></span> <span class='ocrx_word' id='word_1_240' title='bbox 897 2281 1041 2329; x_wconf 82' lang='lat' dir='ltr'><strong>isoultssrei</strong></span> <span class='ocrx_word' id='word_1_241' title='bbox 1051 2281 1148 2342; x_wconf 75' lang='lat' dir='ltr'><strong>slienjus</strong></span> <span class='ocrx_word' id='word_1_242' title='bbox 1157 2279 1238 2330; x_wconf 71' lang='lat' dir='ltr'><strong>effluit,</strong></span> <span class='ocrx_word' id='word_1_243' title='bbox 1248 2274 1411 2338; x_wconf 67' lang='lat' dir='ltr'><strong>qnodsdtns</strong></span> 
     </span>
     <span class='ocr_line' id='line_1_23' title="bbox 320 2353 1413 2424; baseline -0.006 -16"><span class='ocrx_word' id='word_1_244' title='bbox 320 2359 413 2408; x_wconf 84' lang='lat' dir='ltr'><strong>videtur</strong></span> <span class='ocrx_word' id='word_1_245' title='bbox 428 2373 520 2422; x_wconf 85' lang='lat' dir='ltr'><strong>semper</strong></span> <span class='ocrx_word' id='word_1_246' title='bbox 535 2373 681 2417; x_wconf 87' lang='lat' dir='ltr'><strong>oonsecrsre,</strong></span> <span class='ocrx_word' id='word_1_247' title='bbox 699 2359 772 2423; x_wconf 80' lang='grc'><strong>[910]</strong></span> <span class='ocrx_word' id='word_1_248' title='bbox 790 2360 925 2424; x_wconf 82' lang='lat' dir='ltr'><strong>bostissque</strong></span> <span class='ocrx_word' id='word_1_249' title='bbox 935 2372 1029 2414; x_wconf 82' lang='lat' dir='ltr'><strong>vovere,</strong></span> <span class='ocrx_word' id='word_1_250' title='bbox 1039 2367 1062 2406; x_wconf 82' lang='lat' dir='ltr'><strong>et</strong></span> <span class='ocrx_word' id='word_1_251' title='bbox 1071 2367 1159 2405; x_wconf 74' lang='lat' dir='ltr'><strong>ststms</strong></span> <span class='ocrx_word' id='word_1_252' title='bbox 1169 2355 1225 2403; x_wconf 89' lang='lat' dir='ltr'><strong>Diis</strong></span> <span class='ocrx_word' id='word_1_253' title='bbox 1235 2362 1308 2418; x_wconf 80' lang='lat' dir='ltr'><strong>etque</strong></span> <span class='ocrx_word' id='word_1_254' title='bbox 1317 2353 1413 2402; x_wconf 71' lang='lat' dir='ltr'><strong>demo·</strong></span> 
     </span>
     <span class='ocr_line' id='line_1_24' title="bbox 318 2435 1413 2503; baseline -0.005 -14"><span class='ocrx_word' id='word_1_255' title='bbox 318 2439 390 2489; x_wconf 85' lang='lat' dir='ltr'><strong>nibus</strong></span> <span class='ocrx_word' id='word_1_256' title='bbox 404 2447 430 2487; x_wconf 88' lang='lat' dir='ltr'><strong>et</strong></span> <span class='ocrx_word' id='word_1_257' title='bbox 445 2439 551 2487; x_wconf 82' lang='lat' dir='ltr'><strong>Deorum</strong></span> <span class='ocrx_word' id='word_1_258' title='bbox 567 2440 620 2486; x_wconf 82' lang='lat' dir='ltr'><strong>filiis</strong></span> <span class='ocrx_word' id='word_1_259' title='bbox 631 2439 748 2502; x_wconf 80' lang='lat' dir='ltr'><strong>polliceri.</strong></span> <span class='ocrx_word' id='word_1_260' title='bbox 764 2441 967 2503; x_wconf 84' lang='lat' dir='ltr'><strong>pbuntssrnstibns</strong></span> <span class='ocrx_word' id='word_1_261' title='bbox 977 2438 1085 2486; x_wconf 83' lang='lat' dir='ltr'><strong>commoti</strong></span> <span class='ocrx_word' id='word_1_262' title='bbox 1094 2437 1229 2500; x_wconf 72' lang='lat' dir='ltr'><strong>vigilntes,</strong></span> <span class='ocrx_word' id='word_1_263' title='bbox 1241 2445 1267 2483; x_wconf 86' lang='lat' dir='ltr'><strong>et</strong></span> <span class='ocrx_word' id='word_1_264' title='bbox 1276 2435 1303 2482; x_wconf 91' lang='lat' dir='ltr'><strong>in</strong></span> <span class='ocrx_word' id='word_1_265' title='bbox 1313 2435 1413 2484; x_wconf 86' lang='lat' dir='ltr'><strong>somniis</strong></span> 
     </span>
     <span class='ocr_line' id='line_1_25' title="bbox 318 2515 1411 2580; baseline -0.005 -10"><span class='ocrx_word' id='word_1_266' title='bbox 318 2521 427 2570; x_wconf 89' lang='lat' dir='ltr'><strong>similiter</strong></span> <span class='ocrx_word' id='word_1_267' title='bbox 443 2519 518 2566; x_wconf 82' lang='lat' dir='ltr'><strong>mults</strong></span> <span class='ocrx_word' id='word_1_268' title='bbox 536 2533 561 2565; x_wconf 89' lang='lat' dir='ltr'><strong>se</strong></span> <span class='ocrx_word' id='word_1_269' title='bbox 581 2517 668 2566; x_wconf 83' lang='lat' dir='ltr'><strong>vidisse</strong></span> <span class='ocrx_word' id='word_1_270' title='bbox 687 2535 737 2580; x_wconf 76' lang='lat' dir='ltr'><strong>prsr</strong></span> <span class='ocrx_word' id='word_1_271' title='bbox 754 2517 882 2566; x_wconf 80' lang='lat' dir='ltr'><strong>tormidine</strong></span> <span class='ocrx_word' id='word_1_272' title='bbox 897 2517 1024 2575; x_wconf 89' lang='lat' dir='ltr'><strong>recurdsti,</strong></span> <span class='ocrx_word' id='word_1_273' title='bbox 1042 2517 1082 2566; x_wconf 88' lang='lat' dir='ltr'><strong>ubi</strong></span> <span class='ocrx_word' id='word_1_274' title='bbox 1099 2517 1204 2566; x_wconf 83' lang='lat' dir='ltr'><strong>remedie</strong></span> <span class='ocrx_word' id='word_1_275' title='bbox 1220 2515 1411 2580; x_wconf 71' lang='lat' dir='ltr'><strong>singulissfferre</strong></span> 
     </span>
     <span class='ocr_line' id='line_1_26' title="bbox 318 2597 1410 2663; baseline -0.004 -14"><span class='ocrx_word' id='word_1_276' title='bbox 318 2609 441 2654; x_wconf 80' lang='lat' dir='ltr'><strong>consetur,</strong></span> <span class='ocrx_word' id='word_1_277' title='bbox 452 2599 498 2646; x_wconf 88' lang='lat' dir='ltr'><strong>sris</strong></span> <span class='ocrx_word' id='word_1_278' title='bbox 508 2597 648 2661; x_wconf 81' lang='lat' dir='ltr'><strong>ssoellisqne</strong></span> <span class='ocrx_word' id='word_1_279' title='bbox 659 2611 742 2645; x_wconf 87' lang='lat' dir='ltr'><strong>omnes</strong></span> <span class='ocrx_word' id='word_1_280' title='bbox 752 2598 834 2646; x_wconf 89' lang='lat' dir='ltr'><strong>domos</strong></span> <span class='ocrx_word' id='word_1_281' title='bbox 843 2599 955 2663; x_wconf 86' lang='lat' dir='ltr'><strong>vicosque</strong></span> <span class='ocrx_word' id='word_1_282' title='bbox 964 2599 1095 2662; x_wconf 82' lang='lat' dir='ltr'><strong>replerunt.</strong></span> <span class='ocrx_word' id='word_1_283' title='bbox 1110 2611 1209 2662; x_wconf 89' lang='lat' dir='ltr'><strong>quorum</strong></span> <span class='ocrx_word' id='word_1_284' title='bbox 1218 2597 1326 2646; x_wconf 85' lang='lat' dir='ltr'><strong>omnium</strong></span> <span class='ocrx_word' id='word_1_285' title='bbox 1336 2597 1410 2661; x_wconf 73' lang='lat' dir='ltr'><strong>gustis</strong></span> 
     </span>
     <span class='ocr_line' id='line_1_27' title="bbox 315 2677 1406 2745; baseline -0.004 -15"><span class='ocrx_word' id='word_1_286' title='bbox 315 2681 354 2730; x_wconf 86' lang='lat' dir='ltr'><strong>ler</strong></span> <span class='ocrx_word' id='word_1_287' title='bbox 363 2681 408 2729; x_wconf 84' lang='lat' dir='ltr'><strong>ists</strong></span> <span class='ocrx_word' id='word_1_288' title='bbox 419 2677 531 2744; x_wconf 85' lang='lat' dir='ltr'><strong>ponende</strong></span> <span class='ocrx_word' id='word_1_289' title='bbox 541 2685 585 2735; x_wconf 84' lang='lat' dir='ltr'><strong>est.</strong></span> <span class='ocrx_word' id='word_1_290' title='bbox 596 2693 625 2726; x_wconf 89' lang='lat' dir='ltr'><strong>sc</strong></span> <span class='ocrx_word' id='word_1_291' title='bbox 635 2685 751 2742; x_wconf 79' lang='lat' dir='ltr'><strong>prseteres</strong></span> <span class='ocrx_word' id='word_1_292' title='bbox 760 2678 885 2745; x_wconf 84' lang='lat' dir='ltr'><strong>impiorum</strong></span> <span class='ocrx_word' id='word_1_293' title='bbox 901 2690 980 2736; x_wconf 84' lang='lat' dir='ltr'><strong>csuss,</strong></span> <span class='ocrx_word' id='word_1_294' title='bbox 996 2695 1035 2737; x_wconf 88' lang='lat' dir='ltr'><strong>ue,</strong></span> <span class='ocrx_word' id='word_1_295' title='bbox 1046 2679 1093 2728; x_wconf 85' lang='lat' dir='ltr'><strong>ists</strong></span> <span class='ocrx_word' id='word_1_296' title='bbox 1103 2677 1146 2727; x_wconf 86' lang='lat' dir='ltr'><strong>sibl</strong></span> <span class='ocrx_word' id='word_1_297' title='bbox 1156 2678 1335 2742; x_wconf 85' lang='lat' dir='ltr'><strong>operstiouibus</strong></span> <span class='ocrx_word' id='word_1_298' title='bbox 1340 2693 1406 2726; x_wconf 88' lang='lat' dir='ltr'><strong>usur·</strong></span> 
     </span>
     <span class='ocr_line' id='line_1_28' title="bbox 317 2759 1408 2827; baseline -0.002 -17"><span class='ocrx_word' id='word_1_299' title='bbox 317 2771 411 2827; x_wconf 80' lang='lat' dir='ltr'><strong>pentes,</strong></span> <span class='ocrx_word' id='word_1_300' title='bbox 432 2759 520 2809; x_wconf 80' lang='lat' dir='ltr'><strong>estells</strong></span> <span class='ocrx_word' id='word_1_301' title='bbox 540 2765 566 2808; x_wconf 90' lang='lat' dir='ltr'><strong>et</strong></span> <span class='ocrx_word' id='word_1_302' title='bbox 586 2771 637 2808; x_wconf 82' lang='lat' dir='ltr'><strong>srss</strong></span> <span class='ocrx_word' id='word_1_303' title='bbox 658 2759 706 2808; x_wconf 85' lang='lat' dir='ltr'><strong>suis</strong></span> <span class='ocrx_word' id='word_1_304' title='bbox 727 2760 752 2808; x_wconf 90' lang='lat' dir='ltr'><strong>in</strong></span> <span class='ocrx_word' id='word_1_305' title='bbox 774 2759 883 2810; x_wconf 87' lang='lat' dir='ltr'><strong>dumibus</strong></span> <span class='ocrx_word' id='word_1_306' title='bbox 900 2763 1011 2818; x_wconf 84' lang='lat' dir='ltr'><strong>etstnsrit,</strong></span> <span class='ocrx_word' id='word_1_307' title='bbox 1034 2767 1166 2825; x_wconf 85' lang='lat' dir='ltr'><strong>putentque</strong></span> <span class='ocrx_word' id='word_1_308' title='bbox 1188 2759 1255 2808; x_wconf 89' lang='lat' dir='ltr'><strong>Deos</strong></span> <span class='ocrx_word' id='word_1_309' title='bbox 1272 2759 1333 2808; x_wconf 82' lang='lat' dir='ltr'><strong>clem</strong></span> <span class='ocrx_word' id='word_1_310' title='bbox 1348 2759 1408 2808; x_wconf 62' lang='lat' dir='ltr'><strong>vnis</strong></span> 
     </span>
     <span class='ocr_line' id='line_1_29' title="bbox 316 2839 1407 2908; baseline -0.003 -16"><span class='ocrx_word' id='word_1_311' title='bbox 316 2841 485 2906; x_wconf 71' lang='lat' dir='ltr'><strong>umlfioiieque</strong></span> <span class='ocrx_word' id='word_1_312' title='bbox 503 2841 613 2906; x_wconf 85' lang='lat' dir='ltr'><strong>plsosre:</strong></span> <span class='ocrx_word' id='word_1_313' title='bbox 631 2849 702 2905; x_wconf 85' lang='lat' dir='ltr'><strong>stqus</strong></span> <span class='ocrx_word' id='word_1_314' title='bbox 719 2841 752 2890; x_wconf 84' lang='lat' dir='ltr'><strong>its</strong></span> <span class='ocrx_word' id='word_1_315' title='bbox 770 2843 796 2890; x_wconf 88' lang='lat' dir='ltr'><strong>in</strong></span> <span class='ocrx_word' id='word_1_316' title='bbox 812 2843 931 2892; x_wconf 80' lang='lat' dir='ltr'><strong>infinitum</strong></span> <span class='ocrx_word' id='word_1_317' title='bbox 941 2857 1006 2892; x_wconf 77' lang='lat' dir='ltr'><strong>emm</strong></span> <span class='ocrx_word' id='word_1_318' title='bbox 1014 2842 1153 2908; x_wconf 84' lang='lat' dir='ltr'><strong>injustitism</strong></span> <span class='ocrx_word' id='word_1_319' title='bbox 1164 2847 1275 2906; x_wconf 71' lang='lat' dir='ltr'><strong>suqesrrt.</strong></span> <span class='ocrx_word' id='word_1_320' title='bbox 1286 2839 1348 2890; x_wconf 85' lang='lat' dir='ltr'><strong>onds</strong></span> <span class='ocrx_word' id='word_1_321' title='bbox 1357 2849 1407 2889; x_wconf 73' lang='lat' dir='ltr'><strong>tn</strong></span> 
     </span>
     <span class='ocr_line' id='line_1_30' title="bbox 316 2921 1408 2989; baseline -0.003 -17"><span class='ocrx_word' id='word_1_322' title='bbox 316 2921 349 2972; x_wconf 90' lang='lat' dir='ltr'><strong>sd</strong></span> <span class='ocrx_word' id='word_1_323' title='bbox 359 2937 385 2971; x_wconf 91' lang='lat' dir='ltr'><strong>se</strong></span> <span class='ocrx_word' id='word_1_324' title='bbox 395 2937 467 2987; x_wconf 83' lang='lat' dir='ltr'><strong>quem</strong></span> <span class='ocrx_word' id='word_1_325' title='bbox 478 2921 509 2970; x_wconf 87' lang='lat' dir='ltr'><strong>sd</strong></span> <span class='ocrx_word' id='word_1_326' title='bbox 519 2937 568 2977; x_wconf 90' lang='lat' dir='ltr'><strong>eos,</strong></span> <span class='ocrx_word' id='word_1_327' title='bbox 579 2921 621 2986; x_wconf 91' lang='lat' dir='ltr'><strong>qui</strong></span> <span class='ocrx_word' id='word_1_328' title='bbox 631 2921 675 2970; x_wconf 87' lang='lat' dir='ltr'><strong>sibi</strong></span> <span class='ocrx_word' id='word_1_329' title='bbox 685 2923 733 2971; x_wconf 89' lang='lat' dir='ltr'><strong>ists</strong></span> <span class='ocrx_word' id='word_1_330' title='bbox 741 2924 888 2988; x_wconf 83' lang='lat' dir='ltr'><strong>permittunt,</strong></span> <span class='ocrx_word' id='word_1_331' title='bbox 898 2924 1004 2989; x_wconf 81' lang='lat' dir='ltr'><strong>quemvis</strong></span> <span class='ocrx_word' id='word_1_332' title='bbox 1021 2923 1059 2972; x_wconf 92' lang='lat' dir='ltr'><strong>illi</strong></span> <span class='ocrx_word' id='word_1_333' title='bbox 1072 2923 1181 2972; x_wconf 86' lang='lat' dir='ltr'><strong>meliores</strong></span> <span class='ocrx_word' id='word_1_334' title='bbox 1198 2923 1254 2978; x_wconf 86' lang='lat' dir='ltr'><strong>sint,</strong></span> <span class='ocrx_word' id='word_1_335' title='bbox 1264 2921 1408 2986; x_wconf 72' lang='lat' dir='ltr'><strong>indigestio-</strong></span> 
     </span>
     <span class='ocr_line' id='line_1_31' title="bbox 316 3003 1408 3070; baseline -0.004 -16"><span class='ocrx_word' id='word_1_336' title='bbox 316 3019 373 3054; x_wconf 88' lang='lat' dir='ltr'><strong>nem</strong></span> <span class='ocrx_word' id='word_1_337' title='bbox 389 3003 494 3052; x_wconf 82' lang='lat' dir='ltr'><strong>Deorum</strong></span> <span class='ocrx_word' id='word_1_338' title='bbox 509 3011 653 3067; x_wconf 81' lang='lat' dir='ltr'><strong>provocent:</strong></span> <span class='ocrx_word' id='word_1_339' title='bbox 679 3019 727 3068; x_wconf 90' lang='lat' dir='ltr'><strong>quo</strong></span> <span class='ocrx_word' id='word_1_340' title='bbox 749 3011 820 3068; x_wconf 86' lang='lat' dir='ltr'><strong>pscto</strong></span> <span class='ocrx_word' id='word_1_341' title='bbox 838 3013 890 3053; x_wconf 89' lang='lat' dir='ltr'><strong>tots</strong></span> <span class='ocrx_word' id='word_1_342' title='bbox 908 3005 991 3054; x_wconf 85' lang='lat' dir='ltr'><strong>civitss</strong></span> <span class='ocrx_word' id='word_1_343' title='bbox 1008 3004 1063 3070; x_wconf 85' lang='lat' dir='ltr'><strong>jure</strong></span> <span class='ocrx_word' id='word_1_344' title='bbox 1083 3005 1255 3069; x_wconf 85' lang='lat' dir='ltr'><strong>qoodsrnmodo</strong></span> <span class='ocrx_word' id='word_1_345' title='bbox 1274 3003 1408 3066; x_wconf 77' lang='lat' dir='ltr'><strong>irnpiststis</strong></span> 
     </span>
     <span class='ocr_line' id='line_1_32' title="bbox 315 3083 1405 3149; baseline -0.002 -15"><span class='ocrx_word' id='word_1_346' title='bbox 315 3086 413 3134; x_wconf 85' lang='lat' dir='ltr'><strong>crimine</strong></span> <span class='ocrx_word' id='word_1_347' title='bbox 423 3091 540 3133; x_wconf 83' lang='lat' dir='ltr'><strong>teneetur.</strong></span> <span class='ocrx_word' id='word_1_348' title='bbox 556 3085 633 3148; x_wconf 80' lang='lat' dir='ltr'><strong>legum</strong></span> <span class='ocrx_word' id='word_1_349' title='bbox 645 3085 742 3149; x_wconf 87' lang='lat' dir='ltr'><strong>quidem</strong></span> <span class='ocrx_word' id='word_1_350' title='bbox 752 3086 820 3136; x_wconf 90' lang='lat' dir='ltr'><strong>lstori</strong></span> <span class='ocrx_word' id='word_1_351' title='bbox 830 3085 899 3134; x_wconf 85' lang='lat' dir='ltr'><strong>Deus</strong></span> <span class='ocrx_word' id='word_1_352' title='bbox 909 3087 1005 3148; x_wconf 81' lang='lat' dir='ltr'><strong>minime</strong></span> <span class='ocrx_word' id='word_1_353' title='bbox 1011 3087 1131 3137; x_wconf 66' lang='lat' dir='ltr'><strong>metor.</strong></span> <span class='ocrx_word' id='word_1_354' title='bbox 1149 3083 1405 3140; x_wconf 58' lang='lat' dir='ltr'><strong>trininitatis</strong></span> 
     </span>
     <span class='ocr_line' id='line_1_33' title="bbox 314 3163 1402 3232; baseline -0.002 -18"><span class='ocrx_word' id='word_1_355' title='bbox 314 3165 421 3214; x_wconf 84' lang='lat' dir='ltr'><strong>Deorum</strong></span> <span class='ocrx_word' id='word_1_356' title='bbox 432 3163 550 3213; x_wconf 71' lang='lat' dir='ltr'><strong>neminem</strong></span> <span class='ocrx_word' id='word_1_357' title='bbox 561 3165 584 3212; x_wconf 88' lang='lat' dir='ltr'><strong>in</strong></span> <span class='ocrx_word' id='word_1_358' title='bbox 596 3165 693 3228; x_wconf 84' lang='lat' dir='ltr'><strong>privetis</strong></span> <span class='ocrx_word' id='word_1_359' title='bbox 703 3165 812 3214; x_wconf 86' lang='lat' dir='ltr'><strong>domibus</strong></span> <span class='ocrx_word' id='word_1_360' title='bbox 819 3165 947 3230; x_wconf 85' lang='lat' dir='ltr'><strong>possidere.</strong></span> <span class='ocrx_word' id='word_1_361' title='bbox 964 3167 984 3216; x_wconf 80' lang='lat' dir='ltr'><strong>sl</strong></span> <span class='ocrx_word' id='word_1_362' title='bbox 996 3181 1052 3216; x_wconf 90' lang='lat' dir='ltr'><strong>vero</strong></span> <span class='ocrx_word' id='word_1_363' title='bbox 1061 3167 1178 3232; x_wconf 85' lang='lat' dir='ltr'><strong>qnispism</strong></span> <span class='ocrx_word' id='word_1_364' title='bbox 1186 3165 1304 3222; x_wconf 84' lang='lat' dir='ltr'><strong>bsbuisse,</strong></span> <span class='ocrx_word' id='word_1_365' title='bbox 1310 3163 1402 3214; x_wconf 70' lang='lat' dir='ltr'><strong>osuii·</strong></span> 
     </span>
     <span class='ocr_line' id='line_1_34' title="bbox 314 3243 1405 3312; baseline -0.001 -17"><span class='ocrx_word' id='word_1_366' title='bbox 314 3259 426 3310; x_wconf 84' lang='lat' dir='ltr'><strong>osssequs</strong></span> <span class='ocrx_word' id='word_1_367' title='bbox 445 3245 502 3294; x_wconf 88' lang='lat' dir='ltr'><strong>elibi</strong></span> <span class='ocrx_word' id='word_1_368' title='bbox 520 3259 590 3309; x_wconf 84' lang='lat' dir='ltr'><strong>quem</strong></span> <span class='ocrx_word' id='word_1_369' title='bbox 609 3246 633 3294; x_wconf 83' lang='lat' dir='ltr'><strong>iu</strong></span> <span class='ocrx_word' id='word_1_370' title='bbox 653 3246 753 3310; x_wconf 86' lang='lat' dir='ltr'><strong>publicis</strong></span> <span class='ocrx_word' id='word_1_371' title='bbox 774 3245 981 3311; x_wconf 73' lang='lat' dir='ltr'><strong>deprehenditur:</strong></span> <span class='ocrx_word' id='word_1_372' title='bbox 998 3248 1040 3312; x_wconf 89' lang='lat' dir='ltr'><strong>qui</strong></span> <span class='ocrx_word' id='word_1_373' title='bbox 1056 3248 1139 3305; x_wconf 77' lang='lat' dir='ltr'><strong>senn&#39;t,</strong></span> <span class='ocrx_word' id='word_1_374' title='bbox 1158 3247 1189 3295; x_wconf 86' lang='lat' dir='ltr'><strong>sd</strong></span> <span class='ocrx_word' id='word_1_375' title='bbox 1204 3247 1283 3309; x_wconf 72' lang='lat' dir='ltr'><strong>legum</strong></span> <span class='ocrx_word' id='word_1_376' title='bbox 1294 3243 1405 3294; x_wconf 79' lang='lat' dir='ltr'><strong>custodes</strong></span> 
     </span>
     <span class='ocr_line' id='line_1_35' title="bbox 313 3325 1403 3393; baseline -0.002 -17"><span class='ocrx_word' id='word_1_377' title='bbox 313 3325 411 3376; x_wconf 76' lang='lat' dir='ltr'><strong>deteret.</strong></span> <span class='ocrx_word' id='word_1_378' title='bbox 427 3327 473 3390; x_wconf 89' lang='lat' dir='ltr'><strong>ipsi</strong></span> <span class='ocrx_word' id='word_1_379' title='bbox 494 3333 581 3384; x_wconf 84' lang='lat' dir='ltr'><strong>sutem,</strong></span> <span class='ocrx_word' id='word_1_380' title='bbox 599 3327 620 3375; x_wconf 89' lang='lat' dir='ltr'><strong>si</strong></span> <span class='ocrx_word' id='word_1_381' title='bbox 636 3328 696 3376; x_wconf 89' lang='lat' dir='ltr'><strong>nihil</strong></span> <span class='ocrx_word' id='word_1_382' title='bbox 712 3330 793 3393; x_wconf 77' lang='lat' dir='ltr'><strong>megni</strong></span> <span class='ocrx_word' id='word_1_383' title='bbox 812 3329 907 3378; x_wconf 78' lang='lat' dir='ltr'><strong>sceleris</strong></span> <span class='ocrx_word' id='word_1_384' title='bbox 926 3343 940 3377; x_wconf 95' lang='lat' dir='ltr'><strong>s</strong></span> <span class='ocrx_word' id='word_1_385' title='bbox 957 3328 1045 3378; x_wconf 68' lang='lat' dir='ltr'><strong>eninr</strong></span> <span class='ocrx_word' id='word_1_386' title='bbox 1063 3329 1114 3378; x_wconf 91' lang='lat' dir='ltr'><strong>sive</strong></span> <span class='ocrx_word' id='word_1_387' title='bbox 1132 3343 1147 3377; x_wconf 91' lang='grc' dir='ltr'><strong>ιι</strong></span> <span class='ocrx_word' id='word_1_388' title='bbox 1164 3329 1214 3377; x_wconf 90' lang='lat' dir='ltr'><strong>viru</strong></span> <span class='ocrx_word' id='word_1_389' title='bbox 1224 3327 1313 3376; x_wconf 75' lang='lat' dir='ltr'><strong>tectum</strong></span> <span class='ocrx_word' id='word_1_390' title='bbox 1320 3327 1360 3384; x_wconf 72' lang='lat' dir='ltr'><strong>u&#39;t,</strong></span> <span class='ocrx_word' id='word_1_391' title='bbox 1370 3325 1403 3374; x_wconf 90' lang='lat' dir='ltr'><strong>sd</strong></span> 
     </span>
     <span class='ocr_line' id='line_1_36' title="bbox 312 3407 1405 3473; baseline 0 -17"><span class='ocrx_word' id='word_1_392' title='bbox 312 3407 409 3473; x_wconf 80' lang='lat' dir='ltr'><strong>publice</strong></span> <span class='ocrx_word' id='word_1_393' title='bbox 424 3408 513 3472; x_wconf 79' lang='lat' dir='ltr'><strong>temple</strong></span> <span class='ocrx_word' id='word_1_394' title='bbox 529 3407 629 3473; x_wconf 85' lang='lat' dir='ltr'><strong>jubesut</strong></span> <span class='ocrx_word' id='word_1_395' title='bbox 649 3409 739 3473; x_wconf 77' lang='lat' dir='ltr'><strong>priests</strong></span> <span class='ocrx_word' id='word_1_396' title='bbox 753 3409 934 3459; x_wconf 82' lang='lat' dir='ltr'><strong>sseredeierrl:</strong></span> <span class='ocrx_word' id='word_1_397' title='bbox 958 3419 983 3459; x_wconf 90' lang='lat' dir='ltr'><strong>et</strong></span> <span class='ocrx_word' id='word_1_398' title='bbox 1005 3411 1025 3459; x_wconf 91' lang='lat' dir='ltr'><strong>si</strong></span> <span class='ocrx_word' id='word_1_399' title='bbox 1054 3425 1102 3458; x_wconf 89' lang='lat' dir='ltr'><strong>non</strong></span> <span class='ocrx_word' id='word_1_400' title='bbox 1121 3409 1186 3458; x_wconf 83' lang='lat' dir='ltr'><strong>illico</strong></span> <span class='ocrx_word' id='word_1_401' title='bbox 1212 3409 1294 3458; x_wconf 88' lang='lat' dir='ltr'><strong>delsts</strong></span> <span class='ocrx_word' id='word_1_402' title='bbox 1309 3407 1405 3464; x_wconf 71' lang='lat' dir='ltr'><strong>inmint.</strong></span> 
     </span>
     <span class='ocr_line' id='line_1_37' title="bbox 311 3487 1404 3556; baseline 0 -18"><span class='ocrx_word' id='word_1_403' title='bbox 311 3490 437 3547; x_wconf 86' lang='lat' dir='ltr'><strong>mulctent,</strong></span> <span class='ocrx_word' id='word_1_404' title='bbox 455 3490 533 3538; x_wconf 85' lang='lat' dir='ltr'><strong>donee</strong></span> <span class='ocrx_word' id='word_1_405' title='bbox 551 3488 693 3538; x_wconf 81' lang='lat' dir='ltr'><strong>deferentur.</strong></span> <span class='ocrx_word' id='word_1_406' title='bbox 709 3491 729 3539; x_wconf 90' lang='lat' dir='ltr'><strong>si</strong></span> <span class='ocrx_word' id='word_1_407' title='bbox 746 3492 799 3556; x_wconf 87' lang='lat' dir='ltr'><strong>quis</strong></span> <span class='ocrx_word' id='word_1_408' title='bbox 810 3498 888 3540; x_wconf 83' lang='lat' dir='ltr'><strong>sutem</strong></span> <span class='ocrx_word' id='word_1_409' title='bbox 898 3507 947 3540; x_wconf 87' lang='lat' dir='ltr'><strong>non</strong></span> <span class='ocrx_word' id='word_1_410' title='bbox 956 3492 1073 3556; x_wconf 84' lang='lat' dir='ltr'><strong>puerilem</strong></span> <span class='ocrx_word' id='word_1_411' title='bbox 1082 3491 1124 3540; x_wconf 88' lang='lat' dir='ltr'><strong>sed</strong></span> <span class='ocrx_word' id='word_1_412' title='bbox 1136 3491 1248 3540; x_wconf 80' lang='lat' dir='ltr'><strong>neisrism</strong></span> <span class='ocrx_word' id='word_1_413' title='bbox 1258 3487 1404 3554; x_wconf 71' lang='lat' dir='ltr'><strong>impismnevn</strong></span> 
     </span>
     <span class='ocr_line' id='line_1_38' title="bbox 312 3569 1403 3638; baseline -0.003 -18"><span class='ocrx_word' id='word_1_414' title='bbox 312 3571 462 3627; x_wconf 84' lang='lat' dir='ltr'><strong>commiserit,</strong></span> <span class='ocrx_word' id='word_1_415' title='bbox 481 3570 532 3618; x_wconf 85' lang='lat' dir='ltr'><strong>eive</strong></span> <span class='ocrx_word' id='word_1_416' title='bbox 547 3570 573 3618; x_wconf 88' lang='lat' dir='ltr'><strong>in</strong></span> <span class='ocrx_word' id='word_1_417' title='bbox 591 3571 640 3620; x_wconf 87' lang='lat' dir='ltr'><strong>suis</strong></span> <span class='ocrx_word' id='word_1_418' title='bbox 656 3573 765 3637; x_wconf 84' lang='lat' dir='ltr'><strong>pn&#39;rstim</strong></span> <span class='ocrx_word' id='word_1_419' title='bbox 783 3573 867 3622; x_wconf 87' lang='lat' dir='ltr'><strong>sivein</strong></span> <span class='ocrx_word' id='word_1_420' title='bbox 877 3573 974 3638; x_wconf 88' lang='lat' dir='ltr'><strong>publico</strong></span> <span class='ocrx_word' id='word_1_421' title='bbox 984 3573 1091 3624; x_wconf 85' lang='lat' dir='ltr'><strong>Deorum</strong></span> <span class='ocrx_word' id='word_1_422' title='bbox 1102 3573 1168 3622; x_wconf 87' lang='lat' dir='ltr'><strong>cultu</strong></span> <span class='ocrx_word' id='word_1_423' title='bbox 1176 3569 1330 3622; x_wconf 77' lang='lat' dir='ltr'><strong>everidesndu</strong></span> <span class='ocrx_word' id='word_1_424' title='bbox 1339 3569 1403 3618; x_wconf 89' lang='lat' dir='ltr'><strong>deii·</strong></span> 
     </span>
     <span class='ocr_line' id='line_1_39' title="bbox 310 3642 1405 3720; baseline -0.011 -9"><span class='ocrx_word' id='word_1_425' title='bbox 310 3642 501 3718; x_wconf 73' lang='lat' dir='ltr'><strong>querit&#39;moru,</strong></span> <span class='ocrx_word' id='word_1_426' title='bbox 517 3659 544 3700; x_wconf 86' lang='lat' dir='ltr'><strong>ut</strong></span> <span class='ocrx_word' id='word_1_427' title='bbox 560 3652 651 3716; x_wconf 83' lang='lat' dir='ltr'><strong>impure</strong></span> <span class='ocrx_word' id='word_1_428' title='bbox 670 3655 813 3714; x_wconf 71' lang='lat' dir='ltr'><strong>smiticsns,</strong></span> <span class='ocrx_word' id='word_1_429' title='bbox 830 3655 1010 3706; x_wconf 84' lang='lat' dir='ltr'><strong>condemnetur.</strong></span> <span class='ocrx_word' id='word_1_430' title='bbox 1034 3655 1125 3720; x_wconf 85' lang='lat' dir='ltr'><strong>puerile</strong></span> <span class='ocrx_word' id='word_1_431' title='bbox 1141 3669 1200 3703; x_wconf 88' lang='lat' dir='ltr'><strong>vero</strong></span> <span class='ocrx_word' id='word_1_432' title='bbox 1219 3667 1271 3701; x_wconf 71' lang='lat' dir='ltr'><strong>eus</strong></span> <span class='ocrx_word' id='word_1_433' title='bbox 1289 3651 1328 3700; x_wconf 88' lang='lat' dir='ltr'><strong>vel</strong></span> <span class='ocrx_word' id='word_1_434' title='bbox 1343 3663 1405 3708; x_wconf 77' lang='lat' dir='ltr'><strong>ntur,</strong></span> 
     </span>
     <span class='ocr_line' id='line_1_40' title="bbox 309 3733 1402 3804; baseline -0.002 -20"><span class='ocrx_word' id='word_1_435' title='bbox 309 3735 420 3784; x_wconf 81' lang='lat' dir='ltr'><strong>custodes</strong></span> <span class='ocrx_word' id='word_1_436' title='bbox 437 3735 517 3800; x_wconf 73' lang='lat' dir='ltr'><strong>legum</strong></span> <span class='ocrx_word' id='word_1_437' title='bbox 528 3733 645 3800; x_wconf 83' lang='lat' dir='ltr'><strong>judiueut,</strong></span> <span class='ocrx_word' id='word_1_438' title='bbox 664 3743 798 3802; x_wconf 84' lang='lat' dir='ltr'><strong>trsotoeque</strong></span> <span class='ocrx_word' id='word_1_439' title='bbox 814 3739 848 3786; x_wconf 81' lang='lat' dir='ltr'><strong>its</strong></span> <span class='ocrx_word' id='word_1_440' title='bbox 862 3737 950 3804; x_wconf 87' lang='lat' dir='ltr'><strong>impius</strong></span> <span class='ocrx_word' id='word_1_441' title='bbox 969 3739 993 3788; x_wconf 91' lang='lat' dir='ltr'><strong>in</strong></span> <span class='ocrx_word' id='word_1_442' title='bbox 1005 3737 1124 3802; x_wconf 84' lang='lat' dir='ltr'><strong>judicium</strong></span> <span class='ocrx_word' id='word_1_443' title='bbox 1134 3734 1264 3800; x_wconf 78' lang='lat' dir='ltr'><strong>impietsds</strong></span> <span class='ocrx_word' id='word_1_444' title='bbox 1279 3745 1334 3782; x_wconf 84' lang='lat' dir='ltr'><strong>reos</strong></span> <span class='ocrx_word' id='word_1_445' title='bbox 1347 3743 1402 3782; x_wconf 85' lang='lat' dir='ltr'><strong>esss</strong></span> 
     </span>
     <span class='ocr_line' id='line_1_41' title="bbox 309 3815 439 3864; baseline -0.015 0"><span class='ocrx_word' id='word_1_446' title='bbox 309 3815 439 3864; x_wconf 78' lang='grc' dir='ltr'><strong>ιΙιοῑιιιιιι.</strong></span> 
     </span>
    </p>
   </div>
   <div class='ocr_carea' id='block_1_3' title="bbox 758 4171 967 4256">
    <p class='ocr_par' dir='ltr' id='par_1_3' title="bbox 758 4171 967 4256">
     <span class='ocr_line' id='line_1_42' title="bbox 758 4171 967 4256; baseline -0.014 -2"><span class='ocrx_word' id='word_1_447' title='bbox 758 4175 862 4256; x_wconf 93' lang='lat' dir='ltr'><strong>LIB.</strong></span> <span class='ocrx_word' id='word_1_448' title='bbox 892 4171 967 4252; x_wconf 91' lang='lat' dir='ltr'><strong>XI.</strong></span> 
     </span>
    </p>
   </div>
   <div class='ocr_carea' id='block_1_4' title="bbox 1106 4261 1118 4290">
    <p class='ocr_par' dir='ltr' id='par_1_4' title="bbox 1106 4261 1118 4290">
     <span class='ocr_line' id='line_1_43' title="bbox 1106 4261 1118 4290; baseline 0 0"><span class='ocrx_word' id='word_1_449' title='bbox 1106 4261 1118 4290; x_wconf 83' lang='grc' dir='ltr'><strong><em>Ι</em></strong></span> 
     </span>
    </p>
   </div>
   <div class='ocr_carea' id='block_1_5' title="bbox 299 4369 1402 4604">
    <p class='ocr_par' dir='ltr' id='par_1_5' title="bbox 299 4369 1402 4604">
     <span class='ocr_line' id='line_1_44' title="bbox 299 4369 1399 4442; baseline -0.007 -16"><span class='ocrx_word' id='word_1_450' title='bbox 299 4373 376 4442; x_wconf 70' lang='lat' dir='ltr'><strong>[bib]</strong></span> <span class='ocrx_word' id='word_1_451' title='bbox 394 4376 537 4432; x_wconf 80' lang='lat' dir='ltr'><strong>Suuurrurr,</strong></span> <span class='ocrx_word' id='word_1_452' title='bbox 555 4382 582 4422; x_wconf 90' lang='lat' dir='ltr'><strong>nt</strong></span> <span class='ocrx_word' id='word_1_453' title='bbox 599 4373 703 4424; x_wconf 80' lang='lat' dir='ltr'><strong>dicemus</strong></span> <span class='ocrx_word' id='word_1_454' title='bbox 721 4376 751 4425; x_wconf 89' lang='lat' dir='ltr'><strong>de</strong></span> <span class='ocrx_word' id='word_1_455' title='bbox 762 4378 847 4441; x_wconf 82' lang='lat' dir='ltr'><strong>pectis,</strong></span> <span class='ocrx_word' id='word_1_456' title='bbox 860 4375 1085 4438; x_wconf 80' lang='lat' dir='ltr'><strong>convenientemque</strong></span> <span class='ocrx_word' id='word_1_457' title='bbox 1101 4371 1132 4420; x_wconf 85' lang='lat' dir='ltr'><strong>iis</strong></span> <span class='ocrx_word' id='word_1_458' title='bbox 1143 4370 1248 4420; x_wconf 86' lang='lat' dir='ltr'><strong>ordinem</strong></span> <span class='ocrx_word' id='word_1_459' title='bbox 1258 4369 1399 4418; x_wconf 73' lang='lat' dir='ltr'><strong>tribuemus.</strong></span> 
     </span>
     <span class='ocr_line' id='line_1_45' title="bbox 302 4453 1401 4523; baseline -0.007 -18"><span class='ocrx_word' id='word_1_460' title='bbox 302 4457 403 4523; x_wconf 82' lang='lat' dir='ltr'><strong>simplex</strong></span> <span class='ocrx_word' id='word_1_461' title='bbox 421 4468 501 4506; x_wconf 88' lang='lat' dir='ltr'><strong>sutem</strong></span> <span class='ocrx_word' id='word_1_462' title='bbox 520 4455 579 4504; x_wconf 90' lang='lat' dir='ltr'><strong>illud</strong></span> <span class='ocrx_word' id='word_1_463' title='bbox 601 4456 648 4504; x_wconf 87' lang='lat' dir='ltr'><strong>sit:</strong></span> <span class='ocrx_word' id='word_1_464' title='bbox 666 4465 693 4506; x_wconf 88' lang='lat' dir='ltr'><strong>ut</strong></span> <span class='ocrx_word' id='word_1_465' title='bbox 706 4471 752 4507; x_wconf 85' lang='lat' dir='ltr'><strong>nec</strong></span> <span class='ocrx_word' id='word_1_466' title='bbox 771 4473 825 4506; x_wconf 85' lang='lat' dir='ltr'><strong>ures</strong></span> <span class='ocrx_word' id='word_1_467' title='bbox 841 4459 964 4522; x_wconf 85' lang='lat' dir='ltr'><strong>quisqusm</strong></span> <span class='ocrx_word' id='word_1_468' title='bbox 980 4469 1024 4520; x_wconf 83' lang='lat' dir='ltr'><strong>pro</strong></span> <span class='ocrx_word' id='word_1_469' title='bbox 1041 4453 1129 4502; x_wconf 83' lang='lat' dir='ltr'><strong>vitibus</strong></span> <span class='ocrx_word' id='word_1_470' title='bbox 1145 4459 1236 4516; x_wconf 60' lang='lat' dir='ltr'><strong>tenent,</strong></span> <span class='ocrx_word' id='word_1_471' title='bbox 1247 4465 1294 4500; x_wconf 87' lang='lat' dir='ltr'><strong>nee</strong></span> <span class='ocrx_word' id='word_1_472' title='bbox 1305 4455 1401 4498; x_wconf 78' lang='lat' dir='ltr'><strong>movent</strong></span> 
     </span>
     <span class='ocr_line' id='line_1_46' title="bbox 301 4529 1402 4604; baseline -0.005 -16"><span class='ocrx_word' id='word_1_473' title='bbox 301 4555 405 4588; x_wconf 84' lang='lat' dir='ltr'><strong>meorum</strong></span> <span class='ocrx_word' id='word_1_474' title='bbox 423 4539 550 4604; x_wconf 83' lang='lat' dir='ltr'><strong>quicquum</strong></span> <span class='ocrx_word' id='word_1_475' title='bbox 567 4537 639 4587; x_wconf 84' lang='lat' dir='ltr'><strong>etism</strong></span> <span class='ocrx_word' id='word_1_476' title='bbox 656 4538 787 4598; x_wconf 82' lang='lat' dir='ltr'><strong>mitiorum,</strong></span> <span class='ocrx_word' id='word_1_477' title='bbox 806 4539 852 4588; x_wconf 87' lang='lat' dir='ltr'><strong>risi</strong></span> <span class='ocrx_word' id='word_1_478' title='bbox 872 4539 930 4588; x_wconf 84' lang='lat' dir='ltr'><strong>mibi</strong></span> <span class='ocrx_word' id='word_1_479' title='bbox 950 4535 1101 4602; x_wconf 79' lang='lat' dir='ltr'><strong>persenserit.</strong></span> <span class='ocrx_word' id='word_1_480' title='bbox 1119 4543 1244 4600; x_wconf 78' lang='lat' dir='ltr'><strong>etqueego</strong></span> <span class='ocrx_word' id='word_1_481' title='bbox 1256 4529 1402 4588; x_wconf 74' lang='lat' dir='ltr'><strong>itemdrnn</strong></span> 
     </span>
    </p>
   </div>
   <div class='ocr_carea' id='block_1_6' title="bbox 0 0 1592 5306">
    <p class='ocr_par' dir='ltr' id='par_1_6' title="bbox 0 0 1592 5306">
     <span class='ocr_line' id='line_1_47' title="bbox 0 0 1592 5306; baseline 0 7"><span class='ocrx_word' id='word_1_482' title='bbox 0 0 1592 5306; x_wconf 95' lang='lat' dir='ltr'><strong> </strong></span> 
     </span>
    </p>
   </div>
  </div>
 </body>
</html>
