3208 5308
327 519 366 579 er
780 508 982 575 rurrours
1357 521 1432 598 [ero

326 691 370 744 pro
380 671 553 742 dignitrtejem
564 675 620 724 retie
631 673 748 724 eelebrete
759 671 877 723 ridentur.
910 674 972 731 Que
983 687 1038 723 vero
1060 673 1176 732 nondum,
1186 681 1215 722 nt
1232 689 1310 725 remur
1327 676 1430 742 digniter

331 757 414 822 erigit,
425 773 439 805 e
451 755 573 821 pobterum
593 755 672 819 eliquo
690 755 816 803 derentete
834 755 1010 816 eunt‚neednm
1029 761 1109 803 temen
1129 755 1249 805 oblivione
1267 755 1347 806 delete
1364 765 1429 815 καὶ

329 841 381 888 bec
391 838 460 887 nobie
472 835 622 901 predioeude
632 849 696 884 enno
708 833 813 890 arbitror,
823 841 851 882 nt
861 843 886 882 et
896 849 940 884 nor
949 849 978 884 ee
989 836 1121 894 tendentur.
1132 843 1157 884 et
1166 837 1196 884 ed
1196 835 1307 900 juremrre
1320 851 1430 901 prorooe·

327 933 427 983 mneque
436 917 495 966 elion
505 917 536 964 ed
547 916 630 964 eedem
641 914 694 962 odie
702 913 801 976 etiirque
811 914 963 975 carminibus,
973 921 1001 962 ut
1010 915 1098 964 deoene
1109 923 1154 973 eet,
1164 917 1309 965 exomendo.
1340 915 1427 966 heure

329 1007 418 1062 entem,
428 997 556 1062 quedteo,
568 995 643 1058 prime
659 996 709 1042 haec
722 1001 827 1043 ereterrb
860 994 938 1043 Pereie
957 995 1072 1059 proiecto,
1084 1009 1138 1044 eum
1158 994 1224 1045 deire
1242 997 1384 1062 impererent
1402 1003 1429 1046 et

327 1077 430 1143 Europe
449 1075 632 1134 dominerentur,
643 1073 785 1122 obetiteruut
801 1073 904 1138 regionie
920 1073 992 1138 irujnr
1006 1075 1187 1140 rontemnere
1205 1077 1302 1140 quidem
1321 1077 1423 1136 effudi,

329 1158 402 1208 uoetri
411 1164 490 1206 eutem
500 1156 677 1220 progenitores:
693 1169 793 1218 quorum
804 1154 938 1203 memieieee
957 1155 1113 1219 virtutemque
1132 1154 1228 1204 leudere
1245 1163 1270 1205 et
1288 1163 1383 1221 oportet
1399 1158 1426 1206 ib

330 1236 412 1302 primie
422 1237 534 1286 etdeeet.
550 1251 602 1284 eern
614 1249 716 1298 nemque
726 1247 794 1282 nonne
805 1241 908 1297 oportet,
919 1234 938 1281 ri
956 1235 1010 1298 quie
1027 1233 1170 1284 efficienter
1187 1235 1323 1285 ieudeturue
1343 1236 1375 1285 eit
1391 1251 1428 1286 ree

329 1316 607 1380 obiitieeoiutempore
618 1323 703 1379 genter,
714 1329 763 1379 qun
774 1313 834 1362 Aeie
853 1314 930 1362 omnir
948 1315 1018 1364 tertio
1034 1315 1085 1379 jem
1104 1315 1153 1379 regi
1171 1317 1290 1375 eerrieret,
1301 1317 1425 1381 respicere.

329 1413 428 1463 quornm
439 1395 527 1461 primur
538 1395 617 1462 Cyme
627 1395 789 1459 meguitudine
800 1395 902 1459 quedem
913 1395 985 1444 enimi
999 1396 1063 1444 einen
1079 1411 1134 1444 error
1152 1396 1235 1446 Pernen
1252 1396 1278 1445 in
1296 1396 1426 1446 ttberutem

329 1479 446 1544 redigente,
457 1477 526 1526 eimni
537 1477 645 1526 dominor
653 1476 741 1524 Medon
752 1474 861 1538 eubjeoit,
873 1475 964 1539 totique
975 1475 1041 1524 Aeie
1052 1489 1127 1539 oeque
1138 1477 1168 1524 ed
1180 1475 1314 1541 AEgypiorn
1324 1478 1427 1542 irripere·

328 1561 370 1608 rit.
403 1559 478 1608 Filiur
488 1565 567 1607 entem
577 1557 630 1622 ejue
649 1557 759 1622 AEgypto
776 1571 873 1620 quoque
890 1565 916 1606 et
931 1557 1025 1622 Libye,
1037 1571 1162 1621 quoneque
1181 1565 1301 1620 penebere
1317 1557 1429 1606 debetne.

326 1640 420 1704 Tertiae
430 1638 528 1696 Derion.
538 1638 642 1702 pedestri
653 1652 732 1700 pugne
744 1651 818 1701 oque
827 1637 858 1684 ed
868 1635 969 1701 Scytber
980 1637 1088 1685 extendit
1098 1637 1236 1701 imperiumn
1253 1637 1332 1686 eeneii
1347 1645 1427 1688 eorem

329 1724 386 1771 meri
397 1722 513 1772 etineuiie
531 1729 568 1770 eet
585 1721 794 1782 inminereque
812 1718 901 1766 ieetnrn
920 1727 965 1777 eet,
976 1726 1005 1767 nt
1023 1733 1153 1783 repngeere
1172 1717 1207 1766 iiii
1224 1718 1304 1766 erudior
1320 1719 1427 1770 eederet.

330 1801 405 1867 [bid]
429 1802 510 1851 Animi
521 1802 617 1866 quidem
625 1799 747 1848 bominum
759 1815 841 1848 omnen
851 1799 928 1848 reniti
940 1801 1042 1864 quedem
1053 1799 1179 1846 formidine
1189 1797 1277 1862 abjecti
1284 1798 1334 1862 jem
1345 1807 1426 1848 ereetr

329 1884 390 1932 edeo
411 1883 500 1939 mutto.
519 1881 654 1946 frequenter
672 1886 698 1928 et
717 1877 837 1928 beitiooee
854 1886 937 1942 genter
958 1880 1002 1927 rub
1021 1879 1143 1928 Pereeruru
1162 1878 1262 1942 imperio
1281 1880 1427 1931 tenebretur.

328 1961 468 2012 Noeeuteru
479 1962 669 2025 Eretdeneeeque
685 1959 795 2010 inoueene
813 1958 910 2017 Derion,
920 1961 986 2023 quod
1003 1958 1116 2008 Serdibne
1133 1959 1302 2017 heidiemnr,
1321 1967 1347 2009 et
1365 1961 1427 2010 irene

328 2042 384 2092 beili
395 2043 542 2092 oooeeiouem
553 2050 646 2100 nentur,
656 2041 787 2106 qeiegeute
796 2039 916 2088 bomioorn
928 2039 1002 2088 mittin
1013 2040 1128 2090 eteeeibne
1138 2041 1210 2097 minii,
1220 2055 1291 2090 neree
1301 2055 1357 2089 vero
1373 2047 1422 2089 tre·

328 2131 426 2172 oenteer
438 2123 521 2187 bieque
532 2122 614 2171 Detim
625 2122 739 2186 preieett,
750 2129 822 2184 etque
833 2120 869 2168 itti
880 2121 1010 2185 meudeeit,
1021 2129 1049 2170 ut
1058 2121 1166 2187 neptiroe
1184 2121 1214 2170 ed
1232 2137 1286 2170 enne
1305 2120 1425 2170 &eitim-

325 2219 410 2268 eeeqne
420 2211 446 2252 et
455 2204 614 2253 Athenienree
624 2203 730 2259 duceret,
740 2201 760 2248 ei
771 2209 844 2264 ceput
860 2200 895 2250 itti
914 2217 982 2250 enum
1001 2217 1080 2251 nerum
1099 2211 1170 2252 erut.
1203 2201 1247 2251 ttte
1264 2201 1362 2250 neribee
1381 2201 1425 2250 ed·

328 2292 410 2333 reetue
421 2283 545 2341 Ennium,
556 2283 597 2332 nbi
610 2281 653 2329 riri
663 2295 713 2330 nou
723 2281 794 2345 peuri
804 2289 878 2338 erent,
889 2297 917 2331 eo
929 2289 1041 2346 preteree
1052 2281 1076 2332 io
1086 2284 1155 2332 rebor
1164 2283 1254 2333 beiiieie
1260 2282 1320 2331 iuter
1328 2281 1426 2332 umor

328 2379 408 2413 eorum
421 2353 552 2427 temporum
563 2361 729 2410 ittneuinimoe
739 2362 931 2426 nnnerebentur,
942 2363 1020 2412 triduo
1030 2379 1072 2412 eor
1089 2363 1197 2428 neptieoe
1213 2363 1286 2425 ieeitr
1303 2377 1363 2412 nere
1380 2361 1424 2412 ettt

325 2452 389 2494 erret
397 2443 506 2507 fugiendi
516 2443 592 2500 iocur,
602 2457 696 2491 ornnem
709 2441 828 2505 regionem
839 2443 873 2492 eie
882 2443 1021 2506 eeptorerit.
1047 2443 1141 2507 Nempe
1152 2445 1183 2492 ed
1194 2443 1254 2492 duee
1263 2442 1361 2492 Eretria
1369 2457 1425 2506 pro·

328 2524 385 2574 tecet
395 2523 550 2588 miiiteeejor,
560 2530 585 2572 et
595 2539 624 2572 ex
636 2523 692 2571 neeri
703 2523 728 2570 in
740 2537 802 2572 mere
818 2537 868 2572 rere
886 2525 1051 2589 mordenter,
1061 2525 1263 2587 dieenrrenteeqoe
1278 2522 1370 2588 junotte
1386 2521 1424 2570 ie·

328 2604 403 2654 rioem
414 2605 530 2663 menibue,
541 2604 671 2654 nuiroreenr
682 2604 800 2667 regionem
811 2605 918 2668 protinue
929 2613 1100 2668 percurrerunt,
1109 2613 1138 2653 ut
1147 2605 1196 2668 regi
1215 2603 1301 2654 referte
1319 2609 1425 2668 porroet,

327 2685 445 2734 neminem
455 2684 509 2733 ilioe
519 2684 693 2748 eubrertngtne.
725 2683 816 2733 Endern
826 2686 985 2734 eentendeex
1004 2685 1095 2734 Eretrie
1112 2685 1278 2734 etenueeee
1297 2684 1425 2734 daude-

328 2773 392 2824 runt,
400 2773 485 2829 utpote
494 2767 560 2829 qnod
570 2765 618 2814 iiiie
628 2766 659 2813 ed
670 2764 695 2813 id
706 2765 851 2829 eptiee'unurn
861 2773 921 2823 eret,
932 2775 960 2814 ut
970 2766 1128 2816 Athenienrer
1138 2781 1187 2814 une
1195 2781 1248 2815 core
1257 2765 1426 2814 Faetrienribee

329 2846 396 2910 queri
407 2846 545 2894 eubeodern
553 2844 614 2910 jugo
625 2845 864 2910 ducerentceptiroe.
898 2846 943 2895 iiie
953 2856 1031 2896 eutem
1043 2847 1127 2912 pertine
1148 2847 1246 2912 quidem
1262 2847 1297 2895 ite
1314 2843 1425 2910 panetio,

330 2926 415 2990 pertire
426 2941 481 2976 vero
492 2925 598 2989 tentetie,
607 2926 686 2974 nnllue
695 2925 842 2984 Grannum,
853 2937 937 2992 preter
947 2927 1150 2991 lacedemonior,
1160 2924 1330 2976 Feebiureibne
1348 2923 1425 2973 bibe·

329 3006 611 3056 nieueiboereeuecurrin
643 3006 676 3054 Et
694 3007 711 3055 ii
729 3008 836 3072 requenti
856 3016 913 3071 poet
931 3023 1034 3072 pugnem
1053 3009 1093 3058 die
1109 3015 1231 3058 memet.
1254 3007 1327 3056 oeteri
1345 3011 1423 3054 eutem

328 3103 410 3137 omnen
421 3087 536 3152 perterriti
547 3095 610 3150 eunt,
619 3103 648 3136 eo
659 3089 719 3136 bene
727 3103 807 3137 mum
817 3087 856 3153 egi
868 3097 987 3152 potenter,
1005 3090 1026 3138 ei
1036 3090 1165 3155 perieulum
1177 3101 1278 3152 preren·
1288 3086 1424 3140 arderem,

328 3167 476 3233 quieverunt.
508 3167 600 3218 Euboe
610 3168 696 3218 intueri
706 3168 771 3234 lieet,
781 3177 870 3232 querite
887 3169 980 3218 iliorum
997 3170 1072 3219 virtue
1088 3168 1217 3233 inerteqnt
1233 3168 1260 3216 in
1280 3167 1425 3216 biemtbone

328 3249 478 3298 berberoruru
488 3248 601 3312 impetum
612 3249 780 3306 euntiuuerurrt,
791 3265 820 3298 eo
831 3250 904 3298 totiue
913 3250 977 3299 brie
986 3249 1119 3314 euperbienr
1127 3251 1273 3299 domuerunt.
1291 3245 1426 3311 pdniune

329 3328 359 3376 de
370 3329 472 3377 herberie
484 3329 670 3393 triumpbemet:
686 3340 712 3377 et
721 3330 831 3393 exempto
842 3329 939 3393 reliquie
949 3331 1104 3380 orienderuut
1113 3331 1236 3380 Pereernm
1246 3327 1294 3376 eim
1304 3326 1367 3374 bend
1384 3325 1425 3374 ie·

328 3409 508 3472 expugnabilem
519 3425 571 3458 eree
582 3425 589 3457 :
606 3410 678 3457 immo
690 3425 744 3458 rero
753 3418 778 3458 et
788 3410 964 3460 multitudinem
974 3421 1068 3460 omnem
1087 3419 1113 3460 et
1128 3410 1261 3460 dividerem
1271 3407 1363 3472 onpiern
1379 3405 1426 3454 eir·

327 3489 373 3536 inti
385 3504 475 3552 perere.
508 3489 556 3538 Eoe
566 3489 676 3553 equidem
688 3491 749 3552 rirpr
758 3507 808 3539 nou
818 3493 890 3540 modo
908 3501 1040 3541 noetrorurn
1058 3507 1182 3556 onrpoeum
1201 3489 1379 3555 genitorum
1398 3493 1425 3536 et

327 3567 442 3618 libertetie
452 3577 501 3617 tum
510 3577 596 3618 norun
606 3577 656 3618 torn
667 3571 781 3628 omniurn,
792 3571 870 3635 quiin
887 3571 1025 3635 hujusmodi
1041 3571 1150 3620 bebiteut
1166 3569 1424 3628 metientium

327 3648 426 3712 erbitror
435 3649 558 3699 exrdtieee.
573 3649 610 3698 irie
621 3665 722 3714 nemque
731 3653 846 3716 exempiie
862 3652 985 3718 prorooeti
1001 3652 1143 3716 porterioree
1160 3650 1248 3708 oren.
1260 3652 1284 3699 in
1303 3647 1423 3712 unquenti·

329 3729 374 3778 bne
384 3729 452 3778 beilir
462 3727 567 3793 perindie
576 3730 656 3778 omnin
666 3745 709 3795 pro
721 3732 796 3791 utpote
807 3747 849 3782 rue
867 3733 945 3782 rubine
964 3749 1012 3781 nou
1029 3733 1176 3788 dubiterunt,
1186 3729 1298 3794 dieoipuii
1316 3728 1421 3792 proferto

329 3807 430 3865 innuen,
440 3810 519 3871 quiin
529 3810 671 3858 Meretbnne
682 3811 766 3861 Petere
784 3813 945 3877 prodigente.
979 3814 1081 3862 Primern
1100 3815 1180 3877 iteqne
1196 3811 1298 3876 peimem
1317 3809 1422 3858 oretioee

327 3886 376 3935 itti·
385 3889 486 3937 tribuere
495 3890 581 3938 deeetr
598 3892 725 3940 exundent
737 3908 791 3950 roro
807 3895 883 3958 [ert]
900 3893 938 3951 iie,
946 3895 988 3958 qui
998 3895 1060 3944 cirne
1070 3893 1213 3942 warenn
1224 3891 1425 3952 Artemisium

328 3968 408 4016 bortee
418 3968 588 4031 pretioneenii
600 3971 713 4022 tinemut.
745 3973 826 4022 Mtte
836 3989 922 4039 nempe
933 3976 964 4022 eb
974 3975 1012 4022 bie
1023 3975 1078 4023 eirie
1098 3981 1163 4037 geete
1183 3987 1275 4020 uerrere
1293 3983 1425 4035 ponem,

328 4056 418 4113 (imit
428 4049 530 4112 pedrule
541 4057 600 4098 terre
610 4054 714 4117 merique
721 4054 869 4103 imminentie
876 4055 1031 4105 ruetinoerint
1040 4055 1226 4117 devicerimqoe.
1259 4051 1333 4111 Quod
1344 4056 1423 4100 m

328 4143 377 4194 pre
388 4129 473 4177 oeterie
483 4131 600 4195 egregium
612 4143 678 4196 puto,
689 4151 765 4184 nneer
779 4137 874 4186 eiemur.
890 4151 944 4185 nem
963 4137 1030 4201 qood
1046 4137 1150 4186 rentebet
1167 4141 1223 4198 poet
1239 4133 1326 4182 betium
1344 4131 1425 4180 idere·

330 4210 460 4267 mm,
470 4211 628 4275 pedeoernnt.
660 4215 783 4280 Siquidem
794 4217 836 4280 qni
846 4217 871 4265 in
881 4217 1025 4266 Meretbone
1033 4223 1161 4273 ammei,
1170 4217 1217 4264 bno
1226 4221 1318 4262 netem
1336 4210 1427 4261 oren·

328 4289 553 4350 dememnerernne
564 4297 629 4358 quod
648 4298 750 4346 terreetri
770 4313 851 4362 pugne
862 4298 933 4363 peuoi
950 4298 1047 4362 quidem
1066 4297 1147 4346 Greci
1162 4297 1287 4344 multorom
1308 4294 1425 4358 inpetu

326 4371 473 4422 urb-remen
484 4373 591 4440 irengere
602 4385 714 4442 poreentr
732 4379 909 4428 meritimeeero
920 4379 1018 4428 eiotorie
1037 4379 1116 4426 edbon
1135 4378 1243 4426 ineerter
1259 4373 1426 4423 abendu-

325 4457 409 4516 turqee
419 4453 497 4502 Perre
506 4455 532 4504 ie
541 4457 663 4506 meritimie
671 4458 760 4522 pretii·
768 4465 795 4508 et
804 4459 993 4510 mnitimdieeet
1002 4458 1199 4522 divitiirerteqee
1217 4463 1243 4506 et
1258 4456 1341 4505 robore
1358 4453 1426 4503 inex·

326 4533 467 4595 pnnebiiee
475 4549 536 4588 eene.
569 4536 624 4588 Hoe
634 4537 716 4607 ireque
730 4539 756 4589 in
770 4539 815 4601 bie¹
825 4542 869 4605 qni
888 4549 946 4592 tono
964 4540 1064 4592 neriboe
1082 4553 1226 4606 praetere»
1238 4537 1308 4588 '¹¹⁶²
1326 4535 1429 4602 didm
