3098 5314
116 501 205 604 rie]
611 524 780 589 currite.
1164 533 1224 594 nae

126 681 214 732 calidis
224 681 323 732 luem
333 679 436 736 biberun-
444 689 549 745 ternpore
560 683 736 734 acommodata
746 701 752 732 ι
763 683 829 748 regia
840 697 951 740 meum,
962 695 1112 748 wnsnnquc
1122 685 1224 749 priosta,

124 771 202 828 atque
212 763 260 814 ulia
268 761 412 819 mulieribus,
422 762 472 812 aliu
481 762 538 812 ltere
548 763 615 828 aquia
625 765 740 814 ceterisve
747 764 870 828 jumentis.
885 765 973 814 meur
983 765 1055 829 plane
1064 773 1091 815 et
1098 763 1224 816 ouuisrens

125 845 256 910 uniruique
268 845 429 894 mabntur.
444 843 556 893 Dsllnuru
566 859 622 894 reto
632 845 791 912 irriguumqoe
801 847 921 896 humorem
932 847 958 895 iu
974 845 1082 912 Nspmui
1100 846 1222 898 dsdurm

125 925 215 982 lucum,
225 925 259 975 ub
270 923 446 975 iucunditatem
457 925 502 974 soli
510 925 630 974 arboribus
640 927 710 975 variis
720 935 746 975 et
754 926 880 976 altitudine
889 927 1017 993 specieque
1025 927 1138 978 nirndr's
1147 928 1223 978 redur-

125 1013 196 1056 tnru:
213 1015 286 1072 utque
303 1005 358 1056 iude
376 1007 402 1056 iu
414 1006 553 1055 exteriorem
564 1006 687 1057 circuitum
702 1023 745 1072 per
755 1009 907 1072 aquduotur
913 1009 982 1073 juata
999 1015 1084 1074 pouter
1099 1009 1222 1060 deinve-

124 1093 190 1137 ruut.
206 1087 249 1137 nia·
263 1087 354 1153 ternplu
376 1088 452 1136 multa
473 1087 617 1153 delubraque
642 1087 756 1146 Deorum,
772 1089 884 1138 viridaria
908 1097 979 1155 utque
997 1091 1126 1156 annuis,
1135 1091 1222 1155 partini

125 1168 257 1225 bouriunun
266 1169 352 1232 partlm
362 1183 491 1233 mm:
503 1183 606 1218 seorsum
621 1170 647 1218 in
660 1180 764 1235 utruque
776 1171 869 1220 urbiuru
884 1171 976 1222 insula:
988 1171 1031 1220 scd
1041 1171 1104 1221 circs
1116 1171 1220 1222 modion

125 1249 229 1298 insulsa»
247 1251 350 1298 unnim
362 1249 484 1298 minan
505 1249 638 1314 precipuus
662 1259 712 1299 erat
728 1252 905 1317 hippodromus,
914 1251 940 1301 id
955 1260 993 1300 est
1002 1267 1083 1302 nunus
1100 1267 1221 1316 quantu.

126 1328 198 1394 eujus
211 1330 314 1380 ladtndo
332 1331 442 1388 muium,
453 1330 575 1396 longitudo
594 1347 636 1396 per
654 1347 749 1382 ornnem
767 1333 881 1384 circulum
899 1333 1061 1398 porrigebatur
1070 1333 1102 1382 ud
1112 1342 1221 1398 equenre

126 1417 257 1460 umen.
272 1413 336 1462 ciros
352 1411 534 1477 lrippodrornuun
548 1412 657 1478 utrinque
676 1422 744 1462 erant
762 1414 900 1478 stipatorum
911 1413 1081 1479 custodemque
1100 1413 1220 1478 disposite

127 1492 222 1541 drutus.
235 1491 291 1540 adis
300 1491 398 1558 quiden
407 1493 522 1543 militibus
534 1494 596 1542 intra
605 1495 681 1559 ipsum
693 1496 851 1560 augustiorem
864 1496 993 1552 circuituro,
1003 1495 1052 1544 urci
1061 1509 1131 1560 quarn
1143 1496 1223 1560 prori-

127 1587 200 1630 ιω,
221 1573 348 1624 murias
370 1573 492 1624 moerin
510 1575 547 1624 bis
566 1583 653 1634 summ,
664 1576 706 1641 qui
725 1576 811 1626 ceteris
828 1576 876 1624 fide
895 1575 1047 1641 prutabnnt,
1057 1576 1083 1624 iu
1099 1590 1152 1626 aree
1166 1577 1220 1640 ipsa

126 1653 190 1704 eirca
197 1669 269 1720 reges
277 1655 435 1704 habitationes
444 1671 572 1706 wmarus.
586 1657 681 1706 neruda
698 1666 813 1722 pentem
830 1657 962 1708 ubemibrs
969 1656 1125 1721 omnibusque
1135 1657 1166 1706 ad
1178 1669 1220 1706 eus

126 1734 299 1800 petinentibus
309 1737 470 1785 incunctantis
485 1737 580 1794 selem,
590 1739 730 1803 eugeque
746 1737 889 1788 middeutcr
906 1739 1022 1804 eaposiu.
1037 1745 1108 1804 utque
1118 1737 1157 1788 bic
1168 1746 1221 1788 orat

125 1815 242 1880 rupim
252 1816 339 1866 odiunt
347 1825 486 1883 apparetur.
500 1819 632 1868 munti
642 1833 699 1868 rere
708 1827 757 1868 tres
767 1827 848 1884 portus
858 1819 995 1876 emriores,
1004 1818 1134 1884 apparabat
1141 1817 1219 1870 siturus

125 1911 143 1946 a
151 1897 210 1946 suari
219 1897 337 1962 iucipiens
347 1899 404 1948 rulli
415 1901 498 1957 incur,
509 1908 537 1950 et
545 1899 626 1950 stadiis
643 1901 814 1966 qninqnsgiuta
824 1901 854 1950 ub
863 1899 1008 1966 amplissimo
1013 1899 1102 1950 circulo
1111 1915 1140 1950 so
1149 1909 1220 1964 portu

124 1979 231 2043 mdique
241 1978 340 2038 dicun,
350 1979 392 2046 qui
406 1980 438 2029 ad
453 1997 480 2030 os
495 1981 571 2030 dorsa
582 1995 663 2030 renus
679 1983 779 2031 marein
789 1981 853 2032 idern
872 1981 1064 2032 concludebantu-
1079 1988 1154 2032 toturn
1163 1996 1220 2032 reru

126 2058 316 2126 ldoulsbsrnr,et
324 2061 543 2128 reliquumquideut
552 2063 654 2128 spatium
661 2063 745 2112 multis
753 2063 1060 2127 etbequeutibmudideiis
1068 2062 1218 2112 abnudubstr

123 2139 194 2190 sinus
202 2149 281 2190 ntem
289 2143 340 2206 ipse
350 2149 479 2208 pmusque
488 2145 616 2193 lausduno
629 2147 718 2209 plenus
739 2151 790 2194 erut
808 2145 908 2194 nuribus
927 2143 1137 2208 muneribusque
1149 2143 1221 2194 undi-

125 2235 174 2286 que
189 2222 372 2274 oouduentibnr.
387 2223 429 2274 ubi
446 2225 478 2274 ob
488 2225 634 2290 frequentem
652 2227 742 2274 turburu
753 2226 794 2274 die
809 2233 927 2290 nocteque
944 2225 1033 2274 clarnor
1046 2224 1174 2274 continuus
1190 2239 1219 2274 sc

124 2302 237 2366 snepim
247 2304 331 2368 iugens
339 2305 494 2355 sentiebatur.
527 2307 609 2372 Atque
619 2307 652 2356 its
660 2307 691 2356 de
700 2307 765 2356 urbis
785 2313 811 2354 et
823 2306 926 2372 antique
937 2306 1002 2354 sedis
1016 2303 1181 2370 diapenticus,
1192 2311 1219 2354 ut

124 2383 185 2432 elin
192 2381 305 2434 uadinn
319 2391 364 2442 ost,
373 2386 399 2434 iu
411 2387 536 2452 presentie
542 2388 593 2453 janu
603 2389 727 2438 retulimus
737 2405 744 2435 z
755 2388 871 2453 deinceps
888 2402 943 2436 sero
954 2401 1135 2436 commemorare
1145 2399 1218 2436 cona-

121 2463 278 2529 uimque
295 2473 375 2514 ustura
385 2467 457 2532 quire
473 2469 551 2518 cultus
560 2469 659 2535 reliqua
670 2469 774 2534 regionis
784 2469 907 2516 exsulerit.
926 2467 999 2532 [118]
1016 2465 1136 2532 Principio
1153 2468 1220 2518 locus

126 2545 207 2594 uernis
215 2543 293 2594 editus
302 2545 426 2596 admodum
436 2555 462 2595 et
472 2549 531 2596 nutri
541 2549 645 2596 abaciam
655 2550 835 2598 memorabunt.
851 2549 916 2612 regio
925 2563 981 2596 vero
991 2548 1053 2598 circu
1063 2547 1142 2596 urbem
1154 2563 1218 2598 esur·

122 2625 214 2692 petuis
222 2627 305 2684 nuruis,
312 2627 415 2676 mffieus
423 2627 519 2692 quideru
528 2627 608 2676 urberu
617 2635 642 2676 et
651 2627 740 2677 ambitu
748 2629 858 2677 auteriori
865 2629 1043 2692 comprehensa:
1055 2635 1149 2678 muetos
1154 2628 1218 2678 enirn

124 2707 188 2756 lune
196 2721 264 2757 urus
273 2721 338 2757 mare
347 2707 499 2760 claudebant.
514 2709 568 2774 ipsa
582 2723 639 2758 rere
652 2709 708 2758 illuc
728 2719 804 2774 usque
820 2710 917 2774 equalis
928 2725 957 2758 uc
967 2709 1038 2773 plana
1048 2717 1073 2758 et
1083 2708 1156 2760 altars
1164 2711 1218 2776 qui·

124 2787 180 2838 deu
190 2803 220 2838 ex
231 2799 298 2854 purte
306 2789 338 2839 sd
347 2789 393 2838 tria
402 2791 528 2839 nadiornru
535 2789 602 2840 milis
613 2789 812 2856 protendobutm
823 2789 968 2840 sdruediuur
975 2803 1031 2840 raro
1042 2805 1056 2838 a
1066 2792 1125 2840 mari
1135 2805 1217 2856 super·

125 2887 157 2920 ue
167 2869 295 2920 mdiorum
308 2871 375 2921 nuilia
385 2871 444 2922 duo.
460 2871 519 2920 ritus
529 2880 608 2920 sutem
623 2870 706 2921 insule
716 2872 748 2920 ad
766 2872 876 2921 duarum
887 2871 1032 2937 rergebut‚a
1049 2873 1217 2937 septemtrione

125 2951 211 3002 Bon·
220 2951 350 3017 experiura-
361 2961 451 3002 montes
461 2953 511 3019 eins
524 2953 665 3018 frequentia,
675 2951 809 3010 ebitudine,
821 2952 994 3018 pulchritudine
1004 2967 1097 3016 ornnes,
1104 2953 1144 3017 qui
1154 2969 1218 3004 nunc

124 3041 226 3090 entant,
236 3034 417 3099 exsuperabunt.
433 3033 459 3082 in
479 3034 514 3083 eis
535 3035 582 3084 rici
602 3035 750 3098 complurimi
769 3035 903 3086 uocularnrn
919 3043 990 3100 utqoe
1005 3035 1124 3084 ditissimi.
1140 3047 1218 3099 neque

125 3115 324 3172 daamtsnsues,
334 3115 493 3179 lacunprarn,
505 3115 590 3180 quibus
608 3115 721 3164 animabo
737 3125 789 3164 tenu
805 3115 855 3164 feru
870 3115 1218 3164 tnmdonuestiousbunslenu·

124 3197 265 3252 triebnutnr.
280 3197 337 3246 ailrs
347 3197 405 3245 itenr
416 3196 496 3246 crebra
505 3212 534 3246 uc
545 3198 608 3245 raris
624 3197 722 3260 singuiis
732 3197 842 3260 operibus
851 3196 973 3244 mtcrieur
982 3195 1072 3243 allstiru
1081 3193 1219 3260 oppedu-

125 3279 179 3328 bat·
195 3285 266 3341 utque
283 3277 442 3327 italocnsille
455 3286 506 3326 tarn
525 3285 608 3326 natura
624 3277 760 3341 dispositus,
770 3291 841 3341 quaer
857 3277 983 3325 uurdwrnru
999 3289 1080 3338 region
1096 3274 1219 3338 diligentis

122 3359 264 3424 opibusque
273 3357 342 3424 lortgo
351 3367 455 3423 tempore
466 3365 518 3408 erat
528 3358 645 3407 excultus.
660 3357 774 3422 quadratu
782 3357 848 3422 regio
859 3357 912 3413 leit,
922 3355 1046 3420 plurinum
1056 3363 1119 3404 recte
1130 3354 1157 3403 iu
1167 3355 1219 3404 lon-

125 3455 187 3506 guns
198 3455 305 3504 rergenn
315 3441 355 3489 scd
372 3449 467 3506 propter
477 3440 570 3489 lorcam
582 3437 668 3488 ebrum
679 3447 772 3492 crutam
780 3447 845 3487 recta
853 3437 938 3486 unrissu
948 3437 1028 3500 figora.
1044 3435 1112 3500 cujus
1122 3436 1218 3500 puniun-

123 3523 199 3580 dius,
208 3521 333 3587 longitudo
350 3531 375 3570 et
388 3520 521 3587 amplitude
532 3521 682 3570 incredibiles
699 3519 772 3569 dictu.
788 3519 932 3584 impossibile
949 3531 1049 3582 numque
1068 3515 1160 3566 ridetur
1169 3525 1218 3566 tsru

123 3607 298 3667 netum'opus,
309 3617 363 3651 ourn
373 3603 428 3652 ulils
442 3603 554 3652 collatum
569 3601 687 3666 operibus.
696 3601 805 3650 munibus
821 3601 943 3649 bominum
961 3614 1013 3648 esse
1023 3599 1120 3647 Mum.
1136 3597 1218 3648 dicen·

124 3683 187 3732 doru
196 3690 283 3741 men,
293 3685 358 3749 quod
377 3683 517 3734 audirimus.
531 3683 621 3748 jugeris
631 3684 701 3732 unius
715 3691 765 3732 erat
780 3681 934 3747 proluuditas‚
945 3679 1045 3729 latitudo
1055 3679 1161 3728 omnium
1170 3687 1218 3728 sta·

124 3763 211 3814 dion:
221 3780 324 3830 cunique
342 3773 405 3814 essct
419 3781 462 3830 per
479 3779 574 3814 onrueuu
585 3779 666 3830 sputu
683 3763 909 3828 effoeta,lougitudo
927 3762 978 3826 ejus
987 3759 1116 3810 stadiorum
1135 3761 1219 3810 doteuu

125 3845 209 3894 suillis.
225 3849 276 3896 bauo
287 3861 344 3896 rane
351 3847 438 3896 duonts
448 3863 478 3896 ox
489 3846 607 3896 montibus
617 3845 769 3900 &neuntio
778 3843 1026 3909 suscipiebst‚perque
1035 3855 1104 3906 agros
1112 3842 1219 3892 rerduts

124 3927 160 3975 sd
170 3928 251 3976 urberu
267 3929 323 3977 bino
334 3937 405 3993 utque
426 3929 490 3978 illino
504 3928 654 3992 perveniens,
664 3929 709 3978 buc
728 3925 826 3975 undem
841 3923 981 3988 erumpebat
990 3923 1015 3971 in
1027 3937 1099 3972 mare.
1115 3925 1218 3988 desuper

124 4009 368 4074 memubipsuletae
377 4009 452 4074 pedes
461 4019 556 4059 ceotun
568 4006 858 4072 foreae‚rectsqueeroire
865 4021 908 4069 per
917 4004 1117 4069 ngrnmrursuriu
1125 4005 1219 4054 roceam

124 4091 186 4139 unsri
203 4091 333 4154 proximum
345 4091 542 4140 demittebantur:
562 4091 635 4139 altera
649 4105 704 4138 reru
715 4089 746 4138 ab
761 4086 929 4138 alterastadiis
940 4094 1037 4136 centum
1046 4087 1220 4152 sejungebstnr.

123 4171 279 4222 deducebant
288 4187 317 4220 er
328 4173 393 4222 siluis
403 4173 469 4237 ligno
486 4173 511 4220 in
521 4172 610 4228 urbem,
621 4183 647 4220 ct
657 4171 703 4218 ulia
721 4172 768 4218 stris
778 4183 879 4234 queque
899 4167 1001 4218 collecta
1011 4167 1163 4234 temporibus,
1173 4169 1217 4216 du·

122 4251 227 4317 plicibus
236 4269 282 4317 per
294 4254 377 4302 bueus
394 4254 501 4305 naribus.
517 4253 638 4302 bacarum
654 4253 718 4300 euim
729 4259 815 4300 tmolus
829 4251 926 4315 obliqua
943 4249 995 4298 se'se
1011 4265 1085 4314 usque
1095 4250 1126 4298 ud
1138 4249 1218 4298 urbem

121 4335 311 4384 iulmeenbaut.
327 4336 435 4400 genuinos
444 4351 474 4384 ea
485 4343 548 4383 terro
558 4335 647 4384 tructus
657 4349 684 4382 eo
694 4334 773 4396 fruges
783 4333 852 4380 runis
862 4331 960 4396 siugulis
971 4330 1122 4395 colligebant.
1139 4331 1218 4378 hiem

121 4416 222 4480 quidem
233 4415 302 4466 lovis
313 4417 429 4466 beneficio
437 4417 523 4480 pieriis
533 4417 603 4466 tellus
617 4415 733 4471 rnudebat,
745 4423 825 4463 naute
840 4415 894 4462 rivis
911 4428 939 4462 er
951 4411 1128 4476 aqueductibus
1139 4410 1219 4474 irriga·

122 4499 201 4547 batur.
220 4499 282 4548 drus
291 4513 415 4547 nurucrum
426 4513 481 4546 vero
491 4499 591 4548 virorum
605 4500 630 4547 ln
641 4497 766 4562 umpesul
779 4497 872 4561 regione
888 4497 918 4544 ad
930 4511 978 4544 retu
992 4493 1114 4542 midam
1126 4489 1217 4540 utilium

121 4579 168 4630 lde
178 4587 228 4634 erat
237 4580 305 4638 ordo,
317 4587 344 4632 ut
359 4595 427 4630 suunt
438 4595 538 4644 queque
556 4579 642 4632 ducem
653 4595 700 4630 sora
715 4577 812 4642 eligeret
823 4579 990 4642 preberetque.
1008 4573 1081 4635 [llll]
1098 4571 1166 4620 sortia
1177 4586 1219 4620 su·
