3150 5290
569 911 864 990 urentes
923 913 1165 1028 Murou.

691 1171 877 1286 SOtiMTffl,
897 1227 1044 1279 HIPPIAS.

317 1459 390 1524 [set]
409 1461 431 1510 0
452 1477 561 1512 sentens
577 1470 602 1514 et
621 1463 718 1527 pulcher
736 1462 850 1528 liippiss,
865 1477 935 1526 quern
952 1475 1002 1512 rere
1020 1461 1126 1512 Albense
1136 1463 1245 1514 secedis!
1279 1463 1342 1515 lire.
1359 1464 1416 1514 lton

318 1541 396 1598 rietur.
406 1559 421 1590 o
432 1543 550 1600 Socvstes,
559 1543 643 1594 etium.
654 1559 709 1592 nem
720 1543 827 1594 Elieuses
837 1544 911 1599 cives,
922 1543 1034 1608 quotiens
1040 1559 1094 1594 curn
1102 1544 1203 1594 estensis
1210 1545 1416 1609 peutiboseliquiel

318 1629 354 1670 est
365 1623 521 1680 trectendum,
533 1623 591 1672 milti
607 1639 654 1688 pre
672 1624 755 1674 ceteris
772 1623 902 1686 legetiones
919 1625 1079 1680 eornmittunt,
1096 1623 1207 1674 idoneum
1225 1625 1376 1688 mejudicent
1387 1641 1417 1674 ee

319 1701 428 1750 nuntium
440 1702 599 1754 existimentes
614 1719 704 1760 eorum,
720 1719 775 1768 qnos
791 1705 856 1768 epurl
873 1704 977 1768 singulee
988 1705 1096 1754 eivitetes
1106 1705 1226 1756 dicuntur.
1259 1705 1418 1764 Quamobrem

319 1796 383 1845 sepe
394 1789 419 1830 et
430 1783 460 1832 sd
473 1783 532 1832 eiies
544 1785 622 1840 urbes,
639 1785 726 1849 sepius
741 1785 813 1834 etiem
829 1787 896 1836 etde
908 1785 1014 1836 menimis
1031 1787 1100 1836 robes
1116 1785 1310 1838 lacedemonern
1327 1787 1420 1852 tegetes

319 1862 416 1912 secessi.
431 1879 480 1928 qun
491 1863 526 1920 fit.
540 1873 566 1912 ut
581 1866 634 1914 hec
650 1866 712 1923 loce.
728 1867 793 1931 quod
812 1866 864 1930 ipse
882 1868 1018 1932 quarem,
1029 1867 1270 1932 minusireqoentetn.
1303 1868 1346 1918 so.
1363 1867 1419 1918 iloe

318 1948 392 2004 certe,
410 1959 425 1990 e
443 1943 543 2008 Hippin,
560 1947 674 2010 sepientis
692 1947 839 2012 perfectique
857 1947 900 1998 viri
919 1948 1037 2012 proprium
1055 1955 1099 2000 cst.
1133 1948 1169 1996 Tu
1188 1948 1284 2012 quidese
1301 1949 1419 2012 privetine,

319 2023 400 2070 multis
410 2025 440 2072 sb
452 2025 643 2076 adolescentibus
654 2028 759 2092 ecceptie
769 2029 886 2092 pecuniis,
896 2029 927 2078 ecl
940 2030 1007 2092 plere
1019 2029 1090 2078 etlsrn
1102 2029 1213 2092 prodesse
1221 2028 1276 2086 illis,
1286 2043 1355 2094 quem
1363 2044 1418 2092 qun

319 2105 448 2168 eeceperis,
459 2105 540 2156 veles:
558 2115 629 2172 etque
641 2108 724 2158 iterum
737 2109 832 2172 publice
843 2109 941 2173 petviere
959 2117 1022 2158 tuere
1035 2109 1104 2166 teevi,
1116 2117 1143 2158 ιιι
1154 2110 1223 2158 decet
1233 2125 1295 2165 enm,
1310 2110 1351 2173 qui
1367 2125 1417 2158 nese

318 2187 505 2238 contemnendus
525 2189 604 2252 vulpe.
623 2191 665 2238 sed
685 2205 776 2240 summo
796 2191 821 2240 in
841 2190 918 2254 pretio
936 2190 968 2240 sit
985 2191 1117 2241 bebendus.
1149 2190 1257 2240 &tenure
1273 2205 1419 2252 qnmenpo

319 2263 419 2332 iiippie¹
432 2283 512 2326 cenes,
520 2271 584 2334 quod
593 2269 665 2334 prisci
672 2271 716 2330 illi,
724 2271 766 2336 qvi
775 2272 909 2335 sepieetsre
919 2287 1052 2334 cognomen
1063 2271 1145 2335 eslepti
1154 2277 1217 2326 sunt,
1229 2269 1334 2320 Pittseus
1344 2277 1417 2334 etque

319 2345 387 2404 Βίιι,
398 2349 473 2412 etqui
485 2349 591 2400 Theletis
608 2352 698 2400 Milesii
716 2361 830 2417 tempore.
846 2353 919 2417 quive
935 2351 1050 2415 deinceps
1067 2367 1142 2415 neqw
1157 2352 1187 2400 erl
1199 2350 1418 2414 increparemus·

322 2427 417 2489 pientio
434 2429 513 2478 studio
530 2431 667 2490 floruerunt,
683 2433 721 2483 vel
738 2449 820 2482 ornnes
836 2434 874 2483 vel
892 2433 985 2498 piurisni
1000 2431 1109 2484 civilibus
1124 2431 1258 2482 actionibus
1268 2431 1420 2488 ebetinuete?

321 2507 384 2558 ΠΗ·
401 2509 467 2566 Quid
478 2510 543 2560 &liud
556 2520 634 2576 putes,
653 2530 668 2560 n
679 2515 798 2578 Secretes,
813 2515 868 2566 illes
884 2513 1030 2566 continuisse
1046 2529 1117 2578 quern
1128 2513 1311 2562 imbecillitetesn
1322 2511 1422 2574 ingenii,

321 2603 376 2637 cum
394 2604 443 2638 non
462 2599 559 2654 possent
577 2599 684 2658 utreque,
705 2595 796 2660 private
814 2603 840 2646 et
856 2597 960 2660 publice,
971 2594 1287 2660 prudeeterevlmleistrevcl
1320 2592 1361 2642 Se.
1378 2591 1419 2640 An

321 2670 519 2734 quemednreduur
530 2681 614 2726 cetere
625 2685 686 2726 ertev
697 2677 867 2728 incrementum
879 2685 984 2742 tempere
996 2684 1158 2740 susceperunt,
1169 2676 1230 2726 erleo
1240 2683 1266 2724 et
1276 2673 1350 2724 nostri
1361 2681 1419 2722 teet·

322 2751 385 2813 poris
403 2751 502 2802 ertifices
521 2755 680 2818 superioribus
697 2759 767 2822 lenge
779 2759 933 2822 pratellini:
951 2759 985 2807 its
1003 2765 1028 2808 et
1047 2757 1182 2808 iecultstern
1199 2753 1421 2812 vestrem,stuvlinns

322 2831 434 2882 videlicet
444 2833 616 2898 Sophisterum.
626 2840 725 2890 crevisse
737 2839 874 2898 dicendum,
886 2855 914 2890 ec
930 2848 1021 2890 veteres
1037 2838 1159 2902 sepienti·
1170 2838 1297 2899 studioses,
1307 2837 1326 2884 si
1343 2836 1422 2884 vebis·

321 2927 375 2960 eum
387 2923 561 2978 competentur,
577 2917 634 2966 viles
645 2919 773 2971 edrnodum
791 2921 925 2970 exstitisse?
959 2921 1021 2972 live.
1038 2919 1116 2970 Recte
1126 2921 1223 2968 omnine
1234 2917 1344 2982 loqueris.
1376 2916 1420 2966 ilo.

322 2991 385 3054 Ergo
397 2993 416 3040 si
427 2994 498 3042 hodie
517 2995 575 3044 Bies
587 2998 611 3046 ln
622 3000 693 3050 vitem
704 3009 841 3066 resurgeret,
853 3019 867 3050 ιι
884 3001 958 3067 [28²]
976 3003 1042 3052 vebis
1058 3001 1204 3050 irridereturs
1222 2999 1420 3063 quenadmodum

322 3071 399 3134 ipsum
411 3071 536 3122 Daetlslum
548 3077 678 3142 sculptores
689 3082 765 3139 siunt,
776 3083 795 3130 si
805 3082 945 3132 reviviscens
956 3083 1011 3130 tulin
1022 3082 1152 3144 fabricaret,
1162 3081 1241 3146 quelle
1251 3080 1381 3142 quendem,
1389 3095 1421 3126 es

322 3152 408 3214 quibus
419 3154 464 3202 sibi
482 3155 579 3220 glorium
597 3163 749 3224 comparavit,
766 3164 890 3212 ridiculum
907 3163 965 3214 iore.
998 3163 1060 3210 lire.
1077 3163 1116 3211 Sic
1132 3177 1157 3210 se
1168 3175 1205 3210 tes
1217 3159 1295 3216 hebet,
1307 3162 1386 3216 uteis.
1404 3177 1419 3208 ο

321 3233 437 3284 Socrates.
455 3245 605 3290 veruntamen
623 3242 712 3305 priscos
722 3244 828 3294 hemines
840 3245 946 3308 preferre
958 3259 1049 3308 semper
1068 3241 1234 3292 recentioribus
1251 3231 1422 3301 consucvijut

321 3323 346 3360 et
363 3315 490 3364 visentium
502 3318 614 3368 invidiern
627 3329 651 3370 et
661 3323 826 3373 defunctorum
838 3324 1024 3389 indignationem
1036 3325 1140 3374 silerem.
1174 3323 1217 3373 So.
1234 3322 1320 3386 Probe,
1332 3339 1347 3370 e
1358 3323 1421 3387 iiip-

322 3393 371 3456 pie,
389 3403 413 3442 et
430 3395 517 3446 sentire
534 3407 560 3447 et
578 3400 644 3465 loqui
665 3404 721 3451 mihi
742 3405 835 3454 videris.
853 3421 898 3470 ege
917 3422 1013 3471 queque
1030 3405 1109 3454 testeri
1129 3419 1235 3469 possum,
1247 3411 1270 3451 te
1283 3419 1336 3452 vere
1347 3403 1421 3468 loqui.

320 3487 375 3520 nem
393 3490 471 3524 revere
493 3485 568 3526 vestre
590 3480 689 3530 iecultes
712 3487 814 3533 edeucts
829 3493 874 3542 est,
901 3487 995 3550 sintque
1012 3485 1116 3549 suscepit
1137 3485 1167 3533 ed
1187 3484 1281 3548 publice
1302 3500 1350 3532 uns
1365 3501 1420 3533 cuns

321 3554 417 3616 privetis
435 3555 629 3608 edministrende.
663 3562 766 3628 Gorgies
785 3565 901 3628 siquidem
918 3565 971 3630 iste,
992 3567 1121 3614 leontinus
1138 3565 1257 3630 Sophiste,
1274 3566 1320 3613 buc
1339 3566 1420 3627 petrin

322 3633 413 3697 legatus
431 3638 537 3694 secessit,
558 3647 641 3704 utpute
660 3643 780 3704 quiesset
802 3645 826 3692 in
848 3645 951 3694 cifrlium
973 3663 1047 3694 reruvu
1066 3647 1235 3710 gubernetione
1253 3647 1423 3695 Leontinorum

324 3715 427 3763 urentium
438 3719 654 3779 prestentissimus:
667 3723 706 3770 ubi
718 3725 747 3771 etl
761 3725 875 3788 populum
888 3727 1022 3776 concieneri
1032 3727 1141 3790 prveclere
1149 3727 1270 3790 judicetus
1280 3735 1325 3784 est,
1335 3727 1424 3775 deinde

320 3793 428 3856 privatim
440 3795 572 3860 disputans,
591 3807 614 3847 et
627 3817 679 3848 curu
688 3801 817 3865 juvenibus
828 3815 940 3860 versutus,
952 3807 1038 3856 muitss
1055 3807 1079 3854 in
1090 3809 1134 3856 lrsc
1149 3808 1205 3856 urbe
1217 3808 1330 3871 pecunies
1341 3823 1424 3856 eumu-

324 3871 389 3920 ievit.
406 3873 463 3936 quin
475 3877 555 3932 elisur,
576 3879 594 3927 si
605 3881 686 3930 sudire
698 3884 743 3946 vis,
755 3885 843 3934 eunicus
855 3895 933 3936 noster
950 3888 1065 3938 Prodicus
1076 3896 1101 3937 et
1111 3904 1174 3952 saepe
1185 3889 1244 3936 eliss
1259 3888 1361 3954 publicis
1372 3903 1424 3936 rnu-

324 3951 419 3998 neribus
431 3953 524 4005 iunctus
536 3966 581 4014 est,
592 3971 616 4009 et
627 3979 702 4027 nuper
712 3980 739 4012 es
752 3966 813 4014 Clrio
826 3967 901 4015 insule
913 3970 1020 4025 veniens,
1031 3985 1084 4018 curn
1103 3969 1197 4033 publice
1208 3969 1232 4016 in
1243 3969 1340 4017 consilio
1351 3968 1425 4016 disis·

326 4037 370 4087 set,
384 4047 531 4098 summopere
544 4041 654 4101 prebetus
665 4052 701 4091 est
713 4061 719 4093 :
738 4053 762 4093 et
773 4047 880 4110 privetim
892 4049 1017 4104 disserens,
1024 4048 1172 4112 juvenesque
1183 4048 1300 4104 erudiens,
1312 4048 1425 4111 pecunius

325 4109 459 4161 innumeras
469 4123 505 4162 est
515 4116 625 4168 lucretus.
654 4123 673 4170 E
684 4125 765 4188 priscis
776 4135 854 4174 eutem
867 4127 912 4174 illis
923 4129 1001 4176 nullus
1012 4145 1114 4192 unquem
1126 4128 1224 4192 dignuin
1236 4128 1426 4192 putevitergenti

325 4193 456 4240 “lemtim
469 4195 544 4256 “quir
557 4209 597 4246 nut
610 4205 726 4265 proprian
738 4207 878 4270 sapientiem
890 4209 915 4256 in
927 4217 988 4257 coetu
1005 4209 1148 4258 diversorum
1160 4209 1279 4258 hominurn
1289 4218 1424 4257 ostentare:

324 4271 385 4318 eden
405 4271 479 4337 inepti
496 4283 521 4324 et
539 4277 616 4341 ignavi
634 4293 708 4341 erent,
726 4303 822 4351 eosque,
842 4291 924 4354 quenti
941 4299 1062 4354 ergentunr
1080 4291 1119 4344 sit,
1138 4291 1234 4340 letebet·
1266 4290 1314 4338 Sed
1326 4297 1425 4352 uterque

324 4351 428 4410 initium»
440 4369 499 4418 ques
511 4359 581 4405 mede
593 4363 669 4418 retuli,
687 4365 739 4428 plus
750 4371 840 4432 ergenti
860 4371 976 4434 sepientis
987 4387 1038 4426 sue,
1056 4387 1126 4435 quem
1137 4372 1198 4420 elius
1209 4371 1286 4435 quivis
1297 4371 1379 4420 srtiiex
1395 4387 1426 4418 es

323 4433 429 4496 quelibet
449 4445 497 4486 arte
517 4441 660 4492 cumulavit:
678 4446 789 4513 idemque
809 4451 949 4515 Protsgores
967 4459 1022 4500 ente
1042 4452 1095 4500 illes
1116 4451 1206 4501 effecit.
1240 4451 1300 4498 Ηιι.
1317 4449 1393 4507 Nihil,
1409 4468 1426 4498 e

321 4511 436 4574 Socrates,
453 4519 572 4585 egregium
589 4523 633 4573 luec
645 4526 668 4575 iu
681 4544 704 4576 rc
722 4529 794 4578 uerti.
806 4549 858 4582 nem
876 4533 896 4582 ei
908 4533 1006 4589 videres,
1024 4542 1138 4598 queutuur
1156 4549 1200 4598 ege
1217 4531 1307 4596 urgenti
1319 4531 1427 4580 lucratus
