3110 5320
125 529 195 606 6⁷4]
432 529 488 587 DE
510 529 741 590 REPUBLICA
764 531 837 596 LIB.
861 536 913 596 lX.
1166 549 1222 606 ull
1251 599 1257 614 ,

123 697 170 732 rum
182 684 297 747 potentiss
309 684 399 748 cupido
412 691 514 732 mutetur
524 685 548 730 in
561 684 706 746 populuresn.
729 685 790 735 rior.
804 686 861 735 Erst
872 689 954 753 utique
965 699 990 738 ot
1000 700 1036 740 est
1046 695 1226 760 circshujusee·

123 765 185 812 modi
197 765 271 812 sirum
282 767 333 813 lsmc
343 764 434 827 opinio.
468 765 511 811 So.
528 763 596 811 Pone
607 780 684 812 rursus
696 765 766 828 hujus
777 769 905 829 grundioris
918 771 997 819 effecti
1006 773 1090 831 lilium,
1102 778 1182 839 primis
1193 781 1224 827 sb

121 844 187 892 snnis
204 846 249 892 sub
267 845 372 908 putentis
388 845 492 892 moribus
515 844 651 894 enutritum.
685 846 747 893 Ans.
764 844 841 896 Pono.
876 849 918 899 So.
936 851 1014 900 Pouss
1035 855 1117 903 iterum
1138 860 1222 907 eedem

122 925 163 972 sibi
179 925 296 981 sccidere,
307 941 360 988 quo
378 925 439 988 putri
451 926 609 987 contigerunt,
630 933 656 972 ut
668 928 697 973 ud
718 941 787 974 omne
800 929 902 976 trnlrntur
913 930 1028 994 flagitium
1039 944 1064 982 et
1080 935 1223 987 lesuirieutis

121 1004 173 1054 rite
184 1005 313 1063 licentium,
324 1021 379 1069 que
397 1015 475 1054 tsrueu
492 1007 527 1062 tn,
538 1007 580 1070 qui
602 1008 707 1070 trslrunt,
718 1007 833 1072 integrum
845 1009 969 1058 nominent
989 1012 1118 1064 libertatem
1131 1036 1136 1064 ι
1155 1027 1222 1081 peter

120 1093 196 1134 sutem
214 1085 304 1150 sliique
313 1086 437 1134 domestici
450 1087 534 1134 mediis
546 1087 596 1134 istis
607 1087 778 1150 cupiditatibus
789 1089 962 1152 suffrsgentur:
981 1092 1083 1154 quivero
1095 1095 1140 1160 ipsi
1150 1113 1220 1160 opem

120 1177 255 1230 soggemur,
267 1168 364 1230 quaudo
381 1167 473 1216 scilicet
482 1166 531 1230 jum
552 1168 697 1230 speraverint
710 1169 859 1218 vehementes
871 1169 905 1216 illi
916 1171 1073 1221 incantotores
1084 1177 1220 1226 nutritores·

119 1261 162 1310 que
173 1248 316 1310 tyrunuidis,
328 1249 500 1313 udolesceutem
513 1264 539 1295 so
557 1264 604 1296 uon
616 1248 684 1296 uliter
700 1249 820 1296 continere
833 1266 911 1313 posse,
921 1265 1023 1300 sutorem
1036 1254 1060 1300 iu
1071 1270 1100 1302 eo
1116 1255 1218 1320 sliquem

119 1327 257 1389 quibusdem
268 1330 482 1376 machineriouibus
492 1331 604 1384 excitent,
622 1331 696 1394 [678]
716 1329 839 1392 praesidem
852 1339 999 1396 tutoremque
1012 1335 1139 1382 otiosorum
1151 1347 1175 1384 ot
1186 1341 1217 1386 sd

119 1407 238 1456 libidinem
257 1409 293 1456 illi
313 1410 539 1458 subministrantium
561 1410 743 1467 desideriorum,
763 1410 851 1458 slstnm
873 1419 936 1460 certe
954 1421 979 1460 et
998 1413 1117 1477 ingentem
1128 1417 1218 1466 lucum.

118 1488 223 1552 neuquid
243 1489 309 1537 eliud
321 1505 421 1538 umorem
440 1491 521 1538 tuliurn
534 1505 585 1538 esse
596 1491 683 1554 putes?
718 1491 781 1538 rior.
798 1491 865 1538 Nihil
877 1492 951 1542 uliud.
986 1492 1029 1541 So.
1046 1495 1216 1550 Quundosero

117 1567 175 1616 circs
186 1569 264 1632 ipsum
276 1579 420 1618 susurrsutes
432 1571 575 1634 cupiditates
586 1570 648 1625 rttae,
659 1570 748 1618 relortn
757 1572 848 1627 nidore,
858 1573 993 1634 unguentis,
1005 1576 1097 1622 coronis
1105 1591 1133 1624 sc
1142 1593 1216 1640 mero,

118 1649 270 1714 resolutisque
280 1651 478 1699 consuetudinum
491 1651 571 1699 tslium
585 1651 755 1715 uoluptatibus,
767 1661 884 1716 corrugent
895 1669 986 1716 prorsus
996 1655 1110 1718 sluutque
1121 1657 1215 1706 deside·

117 1729 173 1776 rium
191 1729 262 1786 illud,
273 1739 344 1794 utque
358 1732 390 1778 its
402 1731 457 1779 luco
475 1733 582 1780 eculeum
601 1733 711 1780 sddnntz
730 1741 786 1780 tnnc
794 1733 843 1796 jsrn
855 1735 894 1782 hic
906 1734 976 1781 snirni
994 1750 1078 1796 prmses
1090 1735 1146 1783 furit
1163 1753 1213 1784 om-

116 1809 180 1869 niuo,
191 1812 313 1860 dementis
324 1813 377 1876 ipss
388 1813 477 1872 lervet3
493 1821 564 1876 utque
575 1813 675 1876 stipetur
692 1814 748 1860 iude
765 1813 904 1861 nielliribur
915 1822 940 1861 et
951 1815 1045 1862 stimulo
1056 1816 1168 1878 percitus,
1186 1834 1214 1866 uc

116 1890 201 1954 siquss
211 1892 274 1940 intre
285 1908 310 1940 se
322 1891 422 1956 irugeles
432 1901 458 1940 et
468 1893 612 1940 verecundus
623 1893 748 1955 opiniones
759 1893 950 1957 cupiditatesque
961 1895 1095 1952 offenderit,
1102 1897 1214 1960 exstirpet

115 1972 294 2034 essprotinuset
301 1972 407 2036 expellit,
415 1989 538 2038 quousque
545 1974 721 2036 temperantium
732 1989 824 2022 ornnem
833 1973 922 2036 ejicist,
930 1989 1002 2036 seque
1011 1973 1097 2022 lorensi
1106 1975 1212 2024 etsliens

115 2051 202 2100 iussuis
213 2053 313 2116 replent.
350 2053 411 2101 Aur.
428 2054 528 2118 Egregie
540 2055 658 2119 tyrenuici
670 2055 711 2102 viri
722 2055 792 2103 reiers
803 2054 926 2119 originem.
960 2055 1003 2104 So.
1021 2055 1107 2104 Nonne
1118 2064 1143 2104 et
1153 2056 1211 2104 olim

114 2130 171 2179 lssnc
182 2133 214 2179 ob
224 2147 320 2180 osussm
332 2131 407 2180 rimor
418 2141 531 2198 tyrenum
542 2141 578 2181 est
587 2134 684 2182 dictus?
718 2135 781 2182 Ans.
800 2135 902 2182 Videtur
919 2134 997 2198 plane.
1031 2135 1073 2184 So.
1091 2136 1211 2186 Etebrius

114 2209 153 2266 sir,
171 2227 187 2259 o
205 2212 291 2269 smine,
310 2229 391 2261 noune
412 2215 560 2278 tyrannicum
581 2214 641 2277 gerit
659 2214 781 2264 suimum?
814 2199 876 2262 rins.
892 2215 963 2262 Suue.
995 2215 1039 2264 ilo.
1055 2215 1120 2272 Quin
1138 2217 1209 2266 etism

113 2291 209 2340 luriosus
220 2301 245 2341 et
260 2303 325 2342 estrs
335 2309 361 2342 se
378 2295 469 2358 positus
486 2309 534 2342 non
552 2295 627 2342 solum
640 2295 783 2350 hominibus,
800 2294 842 2342 sod
853 2301 877 2342 et
888 2293 943 2342 Diis
952 2295 1066 2358 impernre
1076 2299 1209 2353 contendit,

112 2379 233 2436 spenstqne
244 2390 269 2421 se
279 2375 304 2422 id
315 2383 502 2424 consecuturum.
530 2374 594 2424 Am.
610 2375 776 2424 Velreruentcr.
800 2373 843 2423 So.
858 2373 1007 2440 Tyrsnnieus
1019 2384 1106 2432 sutem,
1116 2393 1131 2424 o
1139 2378 1208 2428 besto

112 2451 153 2507 sir,
165 2467 243 2501 rerers
254 2454 288 2510 fit,
298 2457 394 2517 qusndo
406 2456 441 2504 rel
452 2464 535 2504 usturs
548 2456 582 2503 rel
600 2456 685 2504 studiis
697 2457 733 2504 rel
745 2456 860 2502 ambobus
871 2455 1022 2516 temulentus,
1032 2457 1104 2504 emori
1116 2458 1206 2506 obnox-

110 2531 358 2583 iusiuriososessdit.
392 2536 454 2584 Aur.
472 2535 569 2584 Prorsus
579 2536 612 2584 its
623 2552 648 2585 se
658 2553 694 2584 res
703 2537 784 2586 hnbet.
817 2536 860 2583 So.
877 2535 915 2584 its
925 2536 996 2598 igitur
1007 2537 1059 2585 tulis
1071 2537 1113 2593 sir,
1126 2547 1152 2586 nt
1162 2553 1205 2602 sp·

112 2619 184 2675 paret.
195 2613 302 2663 efficitur.
314 2615 371 2664 sirit
381 2627 459 2664 sutem
471 2633 518 2680 quo
531 2618 620 2681 pecto?
653 2618 714 2665 Aur.
731 2619 760 2665 ld
772 2633 836 2671 vero,
848 2627 874 2664 ut
882 2617 957 2672 siunt,
968 2617 1008 2680 qui
1016 2616 1137 2680 jocsntur,
1147 2619 1204 2666 milri

111 2701 133 2738 tu
144 2693 217 2742 dices.
249 2695 293 2744 So.
310 2697 373 2744 Dico
383 2698 501 2762 equidem.
519 2707 572 2761 post
589 2700 648 2754 lssec,
661 2706 687 2746 ut
697 2699 802 2762 arbitror,
814 2697 879 2745 iestis
889 2697 1016 2760 indulgent
1027 2699 1204 2760 bcchsnnlibus,

110 2776 345 2832 commessationibus,
364 2778 446 2826 scortis
465 2780 597 2843 ceterisque
615 2779 778 2842 hujuscemodi
795 2779 912 2838 omnibus,
931 2777 954 2824 lsi
974 2793 1072 2841 quorum
1090 2786 1204 2842 tyrannus

111 2851 188 2914 Amos,
198 2855 263 2904 intus
273 2859 346 2905 snimi
361 2857 468 2906 incolens
479 2859 614 2922 penetralis.
631 2859 691 2922 regit
701 2859 787 2906 omnis·
820 2858 883 2906 dor.
901 2857 1005 2906 Necesse
1016 2865 1060 2906 est.
1093 2858 1135 2906 So.
1152 2857 1204 2906 Its·

107 2948 150 2996 que
161 2935 240 2984 sunltss
254 2937 360 3001 prolecto
378 2939 475 3003 diesque
489 2947 618 3003 noctesque
635 2941 783 2988 vehementes
799 2939 951 3003 cupiditates,
964 2938 1088 2986 multorum
1105 2939 1203 3002 indigue,

108 3014 227 3076 pullulent.
263 3018 324 3066 rins.
343 3019 551 3083 uniusquidem.
583 3021 625 3069 So.
643 3020 700 3070 Cilo
718 3021 797 3084 igitur,
816 3021 835 3068 si
855 3020 897 3083 qui
918 3029 1045 3084 proreptus
1062 3019 1202 3074 exstiterint,

108 3106 279 3146 communius.
312 3099 373 3148 Ans.
391 3099 500 3157 Quidni?
534 3101 574 3148 So.
592 3101 652 3149 Post
663 3101 712 3149 lsrec
725 3102 806 3164 utique
817 3101 905 3166 imnprs
921 3107 946 3148 et
958 3099 1088 3163 putrimonii
1100 3098 1201 3159 dissipe·

109 3175 146 3222 tio.
178 3177 243 3228 Ans.
261 3177 346 3226 Procul
364 3179 446 3228 dubio.
479 3181 522 3230 So.
539 3181 643 3238 Quendo
661 3197 714 3228 vero
725 3181 840 3228 deliciunt
850 3180 937 3237 omniu,
955 3194 1050 3226 necesse
1061 3175 1203 3238 estcupidi·

108 3263 166 3304 tetes
176 3258 298 3306 socilersri
309 3268 382 3324 etque
392 3261 516 3326 conqueri,
528 3277 581 3324 quse
593 3261 688 3324 quidem
707 3262 842 3323 lrequentes
853 3261 1007 3322 srdeutesque
1024 3257 1049 3304 in
1060 3257 1117 3303 nido
1128 3256 1200 3304 crusni

104 3335 250 3385 delitescunt
261 3356 266 3384 :
279 3355 317 3388 eos
327 3349 404 3390 sutem
416 3342 487 3390 veluti
500 3341 601 3390 stimulis
611 3341 751 3405 quibusdem
761 3340 888 3403 perculsus,
897 3338 1033 3386 libidinibus
1044 3335 1202 3392 scilicetsliis,

103 3419 281 3482 presertimque
291 3433 374 3479 susum,
386 3422 482 3470 slisrom
494 3421 599 3470 omniurn
613 3429 723 3485 tanuum
735 3421 861 3468 satellitum
871 3421 940 3474 duce,
948 3417 1033 3481 juetsn'
1045 3415 1157 3479 efferique
1168 3418 1199 3463 sd

105 3499 282 3562 esplorsudum,
293 3501 312 3549 si
323 3503 376 3566 quis
388 3504 514 3567 quicquam
528 3503 657 3566 possident,
669 3503 732 3566 qnod
745 3501 782 3549 rel
793 3501 875 3548 lrsude
883 3498 968 3562 surripi
976 3498 1013 3546 vel
1023 3498 1045 3544 ri
1053 3497 1111 3560 eripi
1125 3495 1199 3560 [6⁶1⁴]

105 3581 181 3640 possit.
216 3579 278 3630 Ans.
295 3582 409 3631 Maxime.
442 3583 485 3632 So.
506 3583 657 3647 Quapropter
675 3591 793 3645 coguntur
814 3581 849 3628 rel
869 3575 973 3642 undique
994 3592 1103 3641 usurpare
1115 3577 1150 3624 vel
1163 3575 1202 3624 in·

104 3659 209 3720 gentibm
221 3661 321 3710 stimulis
331 3672 355 3711 et
366 3664 487 3712 doloribus
498 3665 605 3714 crocini.
640 3663 700 3712 nor.
718 3664 842 3726 Coguntur
859 3659 938 3725 plene.
971 3659 1013 3707 So.
1031 3657 1105 3710 Num.
1116 3672 1198 3720 quem·

103 3741 227 3788 sdusodum
246 3757 314 3790 nore
333 3743 477 3808 eupiditstes
498 3745 573 3808 ipsius
597 3746 686 3794 sdultse
708 3745 815 3806 pristinus
832 3748 998 3804 essupersrunt
1009 3747 1095 3801 etque·
1107 3737 1198 3786 illerum

102 3829 174 3876 esent,
185 3837 324 3885 usurpavere
336 3842 341 3870 :
362 3825 395 3872 its
405 3833 430 3872 et
442 3825 494 3888 ipse
502 3825 592 3889 justum
605 3841 655 3874 esse
665 3825 779 3882 censebit,
791 3833 816 3871 ut
825 3821 874 3886 ipse
882 3821 962 3886 junior
974 3820 1027 3882 plus
1036 3818 1197 3880 lssbcstqusm

102 3911 215 3962 psresstes,
226 3911 250 3950 et
262 3903 282 3951 si
295 3905 427 3967 porrionen
438 3921 505 3953 susm
525 3905 705 3970 cunsumpserit,
718 3913 814 3968 pntcrnn
832 3903 928 3964 iusuper
938 3898 1035 3963 eroget?
1069 3897 1130 3946 sins.
1148 3895 1198 3945 Cur

100 3983 162 4028 neu?
194 3982 237 4031 So.
255 3984 328 4042 Quod
346 3985 365 4032 si
376 3995 486 4049 petentes
501 3985 536 4034 illi
554 4000 702 4049 nequaquem
721 3983 877 4048 permiserint,
888 3979 1004 4045 principio
1021 3979 1090 4026 iursri
1108 3992 1196 4040 eosque

98 4059 203 4124 desipere
214 4063 372 4126 sggsedietor.
407 4065 469 4115 Aur.
486 4065 600 4115 Omnino.
634 4067 676 4114 So.
694 4065 736 4114 Sin
748 4065 809 4112 istud
822 4079 868 4110 uon
888 4061 981 4126 poterit,
993 4058 1125 4123 repietjem
1138 4059 1195 4104 rim·

98 4154 140 4203 que
162 4145 299 4205 mutibus
314 4145 407 4194 inserer.
442 4147 504 4194 Ans.
520 4147 559 4196 Sic
576 4147 680 4196 arbitror.
715 4145 758 4193 So.
776 4144 814 4193 Ac
831 4145 850 4192 si
867 4149 933 4208 peter
950 4148 1068 4204 mutesque
1085 4154 1161 4194 senes,
1181 4155 1196 4186 o

99 4221 191 4271 mirifice
204 4223 249 4283 sir,
259 4223 369 4273 resistsnt
380 4236 568 4291 repugnentque,
578 4227 686 4292 nunquid
703 4239 744 4278 eos
756 4225 878 4280 vercbirnr,
890 4231 961 4287 stque
976 4223 1010 4269 its
1019 4237 1044 4268 se
1055 4218 1194 4274 continebit,

97 4309 119 4345 ut
129 4301 188 4349 nihil
199 4311 256 4365 sgst
266 4305 434 4369 tyrannicum?
470 4307 529 4354 rlnr.
546 4307 610 4356 l'stri
620 4307 730 4371 equidem
743 4321 770 4352 sc
783 4305 848 4352 susurri
860 4305 892 4352 sic
904 4301 982 4351 effecti
994 4300 1095 4348 hominis
1112 4299 1193 4346 timeo.

96 4379 135 4428 So·
150 4382 199 4431 Per
208 4387 306 4447 losum,
316 4401 331 4432 o
343 4386 481 4444 Adimante,
493 4388 600 4453 nunquid
609 4389 681 4453 gretie
691 4402 767 4450 nuper
774 4395 857 4434 nmstse
865 4383 988 4448 cujusdem
997 4379 1137 4430 concubino.²
1146 4392 1194 4424 non

96 4464 229 4512 masada
250 4473 353 4514 veterem
372 4467 471 4516 emicem
490 4470 690 4531 necesssriemque
709 4475 814 4522 matrem,
826 4473 867 4513 snt
883 4466 957 4528 gratis
974 4459 1076 4524 speciosi
1093 4455 1194 4517 alicujus

93 4553 164 4604 ”spes
175 4545 249 4594 susti
260 4546 420 4596 sdolescentis
430 4561 478 4596 uon
490 4549 612 4598 uecesssrii
624 4548 751 4597 deformem
763 4553 787 4594 er
800 4544 955 4596 necesssrioru
967 4553 1046 4587 senem
1059 4543 1156 4598 panem,
1167 4539 1192 4578 er
