3150 5290
130 529 202 611 sm]
558 525 830 588 monuimus,
895 559 899 568 -
1191 535 1232 592 es

130 693 164 732 ret
173 685 266 734 exsules
275 691 300 733 et
310 683 456 732 solestsrios
466 681 585 748 adjutores
597 682 630 730 iili
641 682 786 747 issere‚sine
794 683 949 734 controversis
957 701 1012 734 eum
1019 701 1115 751 quoque
1123 687 1233 738 servarit.

130 765 310 816 Suectiseotem
316 765 389 814 muris
398 763 1231 830 isbriestisqueuseibuslselloquesuscepto,qusodoeueutsestbellum

132 861 217 909 geme,
225 863 266 912 pro
276 847 398 896 Pssiorum
410 847 485 894 seluto
494 853 575 894 mutes
583 833 911 895 hcednsisouiosdimicesit.
927 847 1040 897 Metuens
1048 863 1103 898 reru
1111 850 1231 901 eisitstesu

131 943 175 986 res,
187 937 311 994 postquem
322 927 517 978 lacedemonius
528 925 618 975 rideret
628 927 712 976 nessls
722 927 809 976 trellum
820 943 924 986 renuere,
932 936 958 977 et
971 929 1056 978 iccirco
1067 929 1179 982 desistere
1188 949 1230 982 ro·

132 1007 188 1066 leus,
199 1009 321 1073 requisivit
331 1009 430 1058 omo·
438 1008 478 1073 qui
488 1008 652 1058 incontinenti
662 1015 736 1064 erent,
744 1024 804 1072 quus
812 1007 877 1073 prius
884 1008 930 1073 ipsi
938 1007 1111 1060 laedemusii
1119 1013 1231 1064 exhibue-
1268 1057 1273 1062 .

132 1097 189 1146 rest.
200 1090 220 1137 si
231 1090 430 1154 propugnandum
442 1089 501 1136 ium
511 1087 633 1138 nobiseum
646 1089 776 1152 ueterisque
788 1087 845 1137 belli
853 1089 933 1148 suciis,
944 1091 1067 1140 srlritretue
1077 1094 1123 1141 hoe
1134 1094 1178 1142 sibi
1189 1111 1230 1144 ne·

133 1179 208 1234 pusio
220 1170 258 1228 iri,
266 1186 316 1235 quo
327 1169 494 1234 tergirensudi
504 1169 652 1218 ocessiuners
661 1168 842 1218 usneheeretur.
861 1168 902 1218 ubi
911 1185 925 1218 e
933 1173 1144 1236 propugnatoribus
1151 1176 1232 1224 sociis·

133 1265 175 1313 que
185 1251 237 1299 eliis
247 1259 285 1300 est
294 1251 420 1314 dweptus.
436 1265 537 1315 nemque
549 1250 658 1298 exhibere
670 1247 706 1296 illi
717 1248 851 1311 voluerunt,
862 1262 1069 1318 conveneruntque
1076 1253 1230 1318 jurejurando

135 1331 237 1382 sdltibito
248 1331 377 1388 Coriutffii,
390 1331 482 1396 Argiui.
494 1331 591 1394 licentii,
599 1330 718 1394 ceterique
729 1330 786 1380 belli
793 1331 862 1390 sotii,
873 1333 892 1380 si
900 1333 966 1382 deret
974 1335 1095 1398 pecunius,
1104 1344 1131 1383 ut
1139 1351 1179 1384 eur
1188 1336 1233 1397 illi,

135 1413 205 1477 quiin
216 1413 435 1470 eustieeotiereut,
446 1413 543 1462 Grecos
555 1413 682 1461 truderent.
699 1411 742 1460 suli
754 1428 808 1461 reru
819 1429 951 1478 nosrisque
963 1415 1053 1464 tendere
1068 1431 1144 1481 neque
1152 1417 1231 1480 jurere

136 1501 188 1544 tuoe
198 1495 249 1543 emi
260 1509 349 1544 moros.
367 1495 514 1560 usqueadeo
526 1509 576 1544 tuos
586 1493 689 1542 eiritstis
700 1491 771 1556 trojus
782 1509 917 1558 generosus,
928 1494 994 1554 liber,
1004 1505 1123 1554 musteus,
1131 1497 1230 1563 integer,

136 1583 160 1622 et
169 1583 249 1624 ustum
260 1575 364 1624 herberie
374 1585 411 1624 est
422 1575 544 1624 infensus:
562 1583 685 1638 propterea
695 1575 761 1638 quud
773 1574 878 1622 lronriues
889 1575 913 1622 hi
924 1575 1013 1640 eosque
1023 1576 1072 1624 olle
1082 1578 1229 1628 berbsrorum

138 1655 298 1704 oomnistione
309 1657 364 1720 pori
375 1657 506 1721 integrique
518 1663 573 1703 sunt
584 1655 672 1704 Greci.
689 1669 766 1720 neque
777 1655 839 1704 enim
852 1655 977 1705 miscentur
988 1653 1110 1706 nobiseum
1129 1659 1232 1724 Pelopue

138 1744 180 1783 sut
190 1736 278 1785 Cedrei
295 1745 337 1787 eut
355 1737 469 1803 AEgpptii
488 1735 597 1786 Densive
616 1736 704 1800 eliique
724 1737 935 1801 pennulti.nsture
951 1739 1048 1802 quidem
1067 1740 1167 1796 berbsri,
1180 1741 1231 1805 lege

137 1816 277 1866 solummedo
287 1815 385 1868 Greci:
404 1819 445 1866 sed
457 1818 503 1882 ipsi
515 1815 594 1867 Groui
605 1819 728 1874 duntexst,
739 1817 805 1865 nulle
816 1833 909 1881 prunus
919 1819 1003 1866 iniecti
1015 1820 1161 1868 berbsromm
1172 1837 1231 1870 con·

139 1897 233 1955 lesione,
245 1913 429 1962 perseveramus.
448 1913 502 1962 quse
521 1900 618 1964 quidem
629 1887 728 1964 ¹puritas
747 1899 827 1946 odium
844 1899 900 1947 huie
919 1899 1009 1947 civiteti
1028 1901 1138 1950 edversus
1158 1915 1231 1967 genus

139 1978 361 2044 dieuningeeuit.
393 1979 642 2044 Sulimnuspurique
662 1995 690 2028 er
711 1982 758 2028 hoe
779 1979 985 2042 perseveravimus,
995 1981 1061 2044 quod
1080 1995 1141 2046 opus
1160 1993 1229 2048 turpe

141 2059 303 2125 pruieounque
313 2069 448 2124 perpetiere
464 2061 591 2115 noluimus.
603 2059 747 2124 Grecosque
768 2059 916 2107 hiberorum
932 2059 1040 2108 manibus
1058 2063 1158 2112 trudere.
1192 2063 1232 2112 Ad

141 2141 186 2188 bes
204 2141 275 2205 igitur
291 2141 472 2204 deseendemee,
483 2157 512 2189 ex
532 2141 618 2204 quibus
637 2141 713 2204 prino
735 2140 837 2204 supersti
858 2139 1057 2197 fuimus,ieseute
1074 2141 1130 2198 deo,
1141 2141 1234 2191 felicius

139 2237 204 2286 quem
215 2231 271 2270 mue
283 2223 370 2270 bellum
382 2223 512 2287 posuimus.
530 2237 584 2269 nem
597 2223 726 2271 retinentes
745 2237 826 2278 neves,
837 2235 917 2269 murus
935 2229 1073 2285 nostrsique
1091 2221 1234 2280 eoluniss,s

139 2303 198 2350 bellu
209 2304 298 2352 libenti
309 2319 405 2351 mmor:
424 2305 484 2352 sdeu
496 2303 594 2351 libenter
606 2312 630 2352 et
639 2304 721 2351 hostes
731 2301 776 2366 ipsi
792 2303 941 2352 destiterunt.
975 2301 1045 2350 Viros
1065 2310 1144 2351 temen
1162 2303 1233 2352 iustes

140 2383 183 2430 ltus
193 2398 288 2446 quoque
298 2383 394 2432 inbelle
406 2383 533 2441 emisimus,
545 2383 629 2448 purtim
644 2383 708 2446 apud
727 2381 868 2441 Corinthum
887 2383 988 2446 regionis
1004 2383 1131 2448 sepelitote
1147 2392 1173 2432 et
1190 2399 1232 2432 sn-

141 2463 220 2527 gustit
228 2463 469 2528 interceptos,purlim
482 2465 615 2529 proditione
626 2465 689 2529 epod
709 2465 835 2514 hchnum
853 2464 998 2528 pmiiigstos.
1030 2464 1139 2529 insigues
1159 2463 1232 2530 [246]

141 2557 238 2607 quoque
249 2543 301 2606 riri,
310 2545 469 2608 qnietregem
481 2545 616 2608 liberavere,
625 2553 651 2594 et
668 2561 697 2594 es
718 2545 775 2593 meri
793 2543 986 2594 Lseedsrmouios
1006 2545 1155 2609 expulerunt.
1172 2559 1233 2610 quos

139 2641 185 2688 ege
196 2625 304 2690 equidem
315 2627 339 2674 iu
355 2627 486 2674 memorium
507 2625 574 2673 vobis
595 2626 690 2674 reduce.
707 2641 748 2675 sos
766 2635 844 2675 eutem
865 2627 926 2675 virus
945 2625 1081 2690 hujusmodi
1099 2625 1233 2674 eollsudere

31 2715 32 2746 l
137 2706 297 2770 celebremque
307 2707 383 2757 decet.
406 2708 486 2771 Atque
498 2721 570 2771 opers
582 2707 677 2771 quidem
689 2707 739 2755 tune
751 2707 900 2757 rirorunr'hie
906 2707 1047 2772 jacentium,
1057 2715 1233 2771 oeterorumque

31 4695 35 4744 l

138 2787 246 2844 omnium,
254 2789 390 2853 quicunque
401 2803 444 2854 pro
456 2787 531 2852 petris
540 2787 657 2844 obierunt,
667 2801 721 2852 qun
730 2787 803 2836 relets
811 2795 874 2844 eunt,
883 2790 956 2837 mults
964 2797 1020 2838 sunt
1027 2796 1098 2854 etque
1106 2788 1233 2853 presciens

141 2869 178 2916 sed
186 2885 238 2933 qen
250 2877 346 2927 restent,
358 2870 426 2934 plura
437 2871 564 2917 admodum
577 2869 783 2933 prestentioreque
795 2876 861 2918 suut.
879 2870 943 2934 etqui
954 2869 1005 2919 dies
1016 2870 1083 2919 multi
1092 2869 1129 2917 uix
1141 2877 1235 2918 noetu-

140 2963 183 3014 que
198 2949 338 3007 sufficerent,
357 2951 377 2998 si
398 2951 451 3016 qiris
470 2949 549 2998 omnis
567 2950 694 3013 complecti
712 2949 818 3000 vuluerit.
851 2947 897 2998 His
915 2965 970 3014 ergo
990 2951 1099 3000 memorie
1119 2950 1233 3015 repetitis,

142 3031 409 3095 unumquemquerirem
421 3031 684 3096 oportetostoslmrum
701 3031 795 3080 essidue
813 3031 976 3094 exhorteri‚ut
996 3037 1107 3094 tenqnsm
1127 3029 1151 3078 in
1170 3029 1233 3078 bellu

142 3109 245 3174 ruejornm
256 3127 351 3160 suorum
361 3111 468 3161 ordinem
479 3120 580 3170 tenent,
590 3125 668 3178 neque
677 3127 719 3177 per
730 3113 846 3178 ignsrism
859 3111 990 3176 sniugisot.
1026 3111 1153 3174 Equidem,
1165 3125 1180 3158 ο
1199 3109 1236 3156 vi·

143 3203 210 3239 toruis
221 3193 383 3256 preslsutium
394 3193 445 3250 ulit.
457 3209 499 3242 vus
510 3195 561 3259 ipte
571 3201 596 3242 et
608 3195 632 3242 in
652 3195 776 3258 presentis
795 3195 912 3255 exhortor,
922 3201 948 3241 et
967 3193 991 3239 in
1012 3199 1140 3256 posterum,
1151 3205 1234 3252 qoem·

142 3281 340 3337 nullusvestrum
359 3283 443 3324 nectes
462 3275 538 3334 iuem.
549 3276 682 3324 edmunebo
700 3289 792 3338 semper
811 3283 836 3322 et
853 3273 1001 3330 cohortibus,
1011 3279 1039 3319 ut
1059 3285 1130 3336 quum
1150 3269 1235 3334 optimi

144 3353 236 3402 audere
246 3355 407 3404 contenderis.
440 3353 512 3406 Nune
523 3371 619 3421 quoque
630 3369 672 3419 pur
681 3362 719 3403 est
729 3353 795 3402 volsis
810 3353 902 3408 selene,
913 3367 967 3415 que
985 3351 1052 3400 nobis
1071 3358 1148 3415 putres
1166 3351 1237 3399 vestrl

144 3430 254 3482 demut
264 3436 454 3500 msedseootque
465 3438 565 3502 posteris
576 3435 711 3502 predicere,
724 3435 743 3483 si
758 3433 815 3498 quid
836 3439 978 3497 paterentur,
992 3445 1045 3480 uum
1064 3431 1124 3479 iuret
1143 3431 1236 3496 pericli·

143 3515 242 3564 mern.
276 3515 419 3566 Reemeebo
431 3517 500 3582 igitur
517 3519 583 3566 robis
601 3517 628 3566 in
647 3515 844 3581 promotisque
862 3529 891 3562 ee
910 3513 957 3562 illis
977 3513 1034 3576 ipsis
1052 3511 1237 3576 redimens·

139 3593 179 3656 ipd
189 3609 252 3646 esne
263 3597 340 3653 robis,
352 3599 372 3646 si
383 3598 482 3647 lseeltes
493 3599 596 3656 duetus,
608 3599 709 3648 libenter
721 3595 885 3662 preciperent.
903 3593 1070 3658 conjecturem
1082 3591 1191 3656 equidem
1207 3603 1238 3640 ee

137 3675 179 3724 illis
187 3691 242 3740 que
252 3679 373 3740 quondum
385 3679 496 3729 dleebsot
507 3680 593 3729 efficio.
625 3677 765 3729 Existimete
775 3693 839 3736 vero,
850 3691 913 3726 nune
924 3691 978 3740 qun
989 3673 1095 3730 referem,
1106 3671 1161 3720 illos
1169 3671 1235 3736 ipsos

136 3756 212 3805 todire
222 3758 357 3822 loquentes.
373 3761 437 3810 hene
447 3769 526 3810 eutem
536 3761 563 3809 ln
574 3761 670 3809 modum
682 3761 758 3810 exorsi
768 3766 841 3808 sonte
859 3757 931 3816 Quod
944 3771 973 3804 ex
995 3751 1110 3819 praeteris
1132 3753 1236 3816 pereuti-

136 3837 177 3885 δ’*
185 3840 232 3887 ⁰¹5
241 3839 309 3897 ΜΒ.
320 3855 335 3888 o
346 3841 398 3906 stit,
409 3843 534 3906 presentis
544 3843 611 3892 vobis
623 3849 744 3892 testantur.
762 3843 879 3907 proiecto,
890 3853 945 3888 eum
957 3838 1026 3886 nobis
1037 3836 1117 3886 licerer
1137 3834 1236 3900 turpiter

135 3917 218 3978 erere,
227 3921 328 3971 honeste
339 3925 412 3972 emori
424 3923 555 3982 maluimus,
566 3937 636 3988 quen
656 3939 697 3972 voe
718 3930 855 3985 ueteresque
875 3927 981 3984 posteros
1000 3915 1103 3965 inlunio
1122 3913 1234 3981 cuiquem

135 3998 260 4062 subjicere,
271 4017 299 4051 ec
312 4005 448 4067 perentibus
459 4007 544 4056 uostris
555 4005 760 4070 superioribusque
771 4001 881 4052 dedecori
892 4015 954 4060 esse,
964 4007 1075 4064 putentes
1083 3999 1171 4047 lromini
1180 4013 1234 4047 suos

133 4079 287 4130 dedecorasti
298 4099 346 4131 nen
358 4099 409 4133 esse
418 4085 552 4136 visendum.
569 4085 700 4150 sinusque
711 4083 821 4148 usquein
830 4082 962 4146 vitansque
971 4087 1127 4146 postmortem
1135 4081 1236 4129 smieour

131 4159 236 4225 eliqseer
246 4178 299 4212 esse
310 4163 349 4213 sel
361 4165 480 4214 lroroieum
493 4167 530 4216 rel
541 4169 647 4216 deorum.
665 4165 767 4230 Oportet
779 4164 849 4229 igitur
860 4164 1038 4221 venustorum
1047 4169 1177 4210 nostromm
1188 4175 1237 4209 me·

132 4257 216 4302 nom,
227 4245 318 4309 siquid
329 4246 394 4294 eliud
406 4249 528 4306 esereetis,
539 4265 591 4298 eum
607 4249 693 4298 virtute
710 4261 828 4310 exercere,
840 4245 941 4294 scientes
951 4245 1038 4308 ubsque
1049 4243 1134 4290 virtute
1149 4240 1239 4290 exerci-

134 4324 238 4373 tationes
249 4335 274 4374 et
285 4329 447 4390 possessiones
460 4345 542 4378 omnes
553 4337 631 4394 turpes
650 4329 769 4392 milesque
786 4343 845 4376 esse.
863 4327 952 4374 divitie
970 4339 1072 4387 nemque
1091 4321 1239 4385 splendorem

132 4405 236 4455 efferunt
247 4407 340 4456 nullum
353 4424 394 4459 ess
405 4425 458 4459 eum
477 4411 573 4476 ignaris
592 4412 733 4476 possidenti.
749 4425 827 4474 oeque
845 4409 908 4458 enirn
927 4407 970 4456 sibi
991 4406 1038 4462 lrio,
1051 4405 1092 4452 sed
1112 4401 1178 4450 elteri
1196 4413 1239 4461 pe·

130 4495 164 4533 nt
186 4489 345 4554 possidetque
365 4489 471 4542 divitius.
505 4491 591 4556 Neque
611 4493 683 4540 forms
703 4491 807 4556 corporis
826 4499 898 4556 etque
916 4490 995 4548 robur,
1017 4483 1100 4534 timido
1119 4497 1148 4529 se
1167 4491 1238 4543 pitto

128 4581 181 4615 cunr
193 4569 288 4632 inssrnt,
299 4571 412 4621 deeoresn
433 4581 554 4636 prestrnt·
571 4589 624 4623 eum
642 4587 744 4636 nemque
764 4573 889 4632 dedecent,
902 4569 1017 4619 notiorem
1039 4563 1154 4618 efficiunt,
1173 4560 1240 4622 igne.

197 4650 266 4702 Pur.
288 4653 329 4702 rr.
708 4653 744 4702 ιι.
1159 4641 1172 4688 1
