<?xml version="1.0" encoding="UTF-8"?>
<!DOCTYPE html PUBLIC "-//W3C//DTD XHTML 1.0 Transitional//EN"
    "http://www.w3.org/TR/xhtml1/DTD/xhtml1-transitional.dtd">
<html xmlns="http://www.w3.org/1999/xhtml" xml:lang="en" lang="en">
 <head>
  <title>
</title>
<meta http-equiv="Content-Type" content="text/html;charset=utf-8" />
  <meta name='ocr-system' content='tesseract 3.04.00' />
  <meta name='ocr-capabilities' content='ocr_page ocr_carea ocr_par ocr_line ocrx_word'/>
</head>
<body>
  <div class='ocr_page' id='page_1' title='image "./platonisetquaev05bekkgoog_0495.png"; bbox 0 0 3174 5296; ppageno 0'>
   <div class='ocr_carea' id='block_1_1' title="bbox 160 521 1255 608">
    <p class='ocr_par' dir='ltr' id='par_1_1' title="bbox 160 521 1255 608">
     <span class='ocr_line' id='line_1_1' title="bbox 160 521 1255 608; baseline -0.006 -23"><span class='ocrx_word' id='word_1_1' title='bbox 160 527 233 608; x_wconf 78' lang='grc' dir='ltr'>ιιι]</span> <span class='ocrx_word' id='word_1_2' title='bbox 583 527 779 590; x_wconf 78' lang='lat' dir='ltr'>nrrsrons</span> <span class='ocrx_word' id='word_1_3' title='bbox 803 527 858 586; x_wconf 85' lang='lat'>111.</span> <span class='ocrx_word' id='word_1_4' title='bbox 1196 521 1255 578; x_wconf 79' lang='grc' dir='ltr'>ιιι</span> 
     </span>
    </p>
   </div>
   <div class='ocr_carea' id='block_1_2' title="bbox 106 674 1361 3070">
    <p class='ocr_par' dir='ltr' id='par_1_2' title="bbox 154 674 1361 2845">
     <span class='ocr_line' id='line_1_2' title="bbox 154 674 1254 746; baseline 0.001 -19"><span class='ocrx_word' id='word_1_5' title='bbox 154 687 182 726; x_wconf 88' lang='grc' dir='ltr'>ιι</span> <span class='ocrx_word' id='word_1_6' title='bbox 199 695 255 728; x_wconf 85' lang='lat' dir='ltr'>ures</span> <span class='ocrx_word' id='word_1_7' title='bbox 271 680 318 728; x_wconf 70' lang='lat' dir='ltr'>lert</span> <span class='ocrx_word' id='word_1_8' title='bbox 334 679 422 744; x_wconf 86' lang='lat' dir='ltr'>opinio.</span> <span class='ocrx_word' id='word_1_9' title='bbox 441 695 495 745; x_wconf 83' lang='lat' dir='ltr'>quus</span> <span class='ocrx_word' id='word_1_10' title='bbox 512 679 578 730; x_wconf 83' lang='lat' dir='ltr'>diets</span> <span class='ocrx_word' id='word_1_11' title='bbox 587 678 618 727; x_wconf 82' lang='lat' dir='ltr'>sd</span> <span class='ocrx_word' id='word_1_12' title='bbox 631 678 744 741; x_wconf 87' lang='lat' dir='ltr'>populum</span> <span class='ocrx_word' id='word_1_13' title='bbox 755 677 830 739; x_wconf 77' lang='lat' dir='ltr'>mugio</span> <span class='ocrx_word' id='word_1_14' title='bbox 840 674 941 724; x_wconf 84' lang='lat' dir='ltr'>ridiculo</span> <span class='ocrx_word' id='word_1_15' title='bbox 952 675 1092 726; x_wconf 86' lang='lat' dir='ltr'>ridesntur:</span> <span class='ocrx_word' id='word_1_16' title='bbox 1109 693 1254 746; x_wconf 75' lang='lat' dir='ltr'>usquequo</span> 
     </span>
     <span class='ocr_line' id='line_1_3' title="bbox 155 757 1312 828; baseline 0.003 -20"><span class='ocrx_word' id='word_1_17' title='bbox 155 760 222 824; x_wconf 72' lang='lat' dir='ltr'>apud</span> <span class='ocrx_word' id='word_1_18' title='bbox 242 761 359 826; x_wconf 77' lang='lat' dir='ltr'>ingenuos</span> <span class='ocrx_word' id='word_1_19' title='bbox 374 763 467 826; x_wconf 82' lang='lat' dir='ltr'>prolsts</span> <span class='ocrx_word' id='word_1_20' title='bbox 484 761 560 826; x_wconf 79' lang='lat' dir='ltr'>snugis</span> <span class='ocrx_word' id='word_1_21' title='bbox 581 757 700 808; x_wconf 81' lang='lat' dir='ltr'>ruirnbilis</span> <span class='ocrx_word' id='word_1_22' title='bbox 718 765 744 806; x_wconf 87' lang='grc' dir='ltr'>ιι</span> <span class='ocrx_word' id='word_1_23' title='bbox 762 757 853 805; x_wconf 80' lang='lat' dir='ltr'>divino.</span> <span class='ocrx_word' id='word_1_24' title='bbox 869 771 933 820; x_wconf 80' lang='lat' dir='ltr'>saepe</span> <span class='ocrx_word' id='word_1_25' title='bbox 955 773 1012 806; x_wconf 83' lang='lat' dir='ltr'>vero</span> <span class='ocrx_word' id='word_1_26' title='bbox 1031 759 1096 808; x_wconf 75' lang='lat' dir='ltr'>dictu</span> <span class='ocrx_word' id='word_1_27' title='bbox 1114 777 1255 828; x_wconf 84' lang='lat' dir='ltr'>semperque</span> <span class='ocrx_word' id='word_1_28' title='bbox 1273 797 1312 816; x_wconf 83' lang='grc'>...</span> 
     </span>
     <span class='ocr_line' id='line_1_4' title="bbox 155 839 1255 905; baseline -0.002 -15"><span class='ocrx_word' id='word_1_29' title='bbox 155 841 239 890; x_wconf 76' lang='lat' dir='ltr'>nudius</span> <span class='ocrx_word' id='word_1_30' title='bbox 255 851 280 890; x_wconf 88' lang='lat' dir='ltr'>ot</span> <span class='ocrx_word' id='word_1_31' title='bbox 300 843 380 890; x_wconf 81' lang='lat' dir='ltr'>multis</span> <span class='ocrx_word' id='word_1_32' title='bbox 395 843 464 891; x_wconf 84' lang='lat' dir='ltr'>sonis</span> <span class='ocrx_word' id='word_1_33' title='bbox 479 843 518 890; x_wconf 82' lang='lat' dir='ltr'>vix</span> <span class='ocrx_word' id='word_1_34' title='bbox 536 841 641 895; x_wconf 71' lang='lat' dir='ltr'>tandem.</span> <span class='ocrx_word' id='word_1_35' title='bbox 658 839 725 888; x_wconf 82' lang='lat' dir='ltr'>velut</span> <span class='ocrx_word' id='word_1_36' title='bbox 735 853 828 894; x_wconf 83' lang='grc' dir='ltr'>ιιιιιι.</span> <span class='ocrx_word' id='word_1_37' title='bbox 839 853 893 885; x_wconf 85' lang='lat' dir='ltr'>cuns</span> <span class='ocrx_word' id='word_1_38' title='bbox 905 854 990 902; x_wconf 72' lang='lat' dir='ltr'>surgon</span> <span class='ocrx_word' id='word_1_39' title='bbox 1001 839 1082 889; x_wconf 85' lang='lat' dir='ltr'>lnburs</span> <span class='ocrx_word' id='word_1_40' title='bbox 1092 843 1255 905; x_wconf 78' lang='lat' dir='ltr'>purificantur.</span> 
     </span>
     <span class='ocr_line' id='line_1_5' title="bbox 154 917 1254 986; baseline 0.005 -17"><span class='ocrx_word' id='word_1_41' title='bbox 154 936 210 970; x_wconf 86' lang='lat' dir='ltr'>usus</span> <span class='ocrx_word' id='word_1_42' title='bbox 221 923 284 986; x_wconf 84' lang='lat' dir='ltr'>quod</span> <span class='ocrx_word' id='word_1_43' title='bbox 296 923 321 970; x_wconf 88' lang='lat' dir='ltr'>in</span> <span class='ocrx_word' id='word_1_44' title='bbox 331 924 375 972; x_wconf 82' lang='lat' dir='ltr'>hoc</span> <span class='ocrx_word' id='word_1_45' title='bbox 386 939 412 972; x_wconf 87' lang='lat' dir='ltr'>rs</span> <span class='ocrx_word' id='word_1_46' title='bbox 424 923 531 972; x_wconf 75' lang='lat' dir='ltr'>mirabile</span> <span class='ocrx_word' id='word_1_47' title='bbox 538 923 677 984; x_wconf 80' lang='lat' dir='ltr'>contingere</span> <span class='ocrx_word' id='word_1_48' title='bbox 685 919 817 974; x_wconf 81' lang='lat' dir='ltr'>consuerit.</span> <span class='ocrx_word' id='word_1_49' title='bbox 824 917 851 966; x_wconf 92' lang='lat' dir='ltr'>id</span> <span class='ocrx_word' id='word_1_50' title='bbox 859 919 923 966; x_wconf 84' lang='lat' dir='ltr'>nudi.</span> <span class='ocrx_word' id='word_1_51' title='bbox 934 927 989 968; x_wconf 87' lang='lat' dir='ltr'>sunt</span> <span class='ocrx_word' id='word_1_52' title='bbox 997 923 1130 983; x_wconf 72' lang='lat' dir='ltr'><strong>complures</strong></span> <span class='ocrx_word' id='word_1_53' title='bbox 1139 927 1254 982; x_wconf 77' lang='lat' dir='ltr'>homines.</span> 
     </span>
     <span class='ocr_line' id='line_1_6' title="bbox 155 1001 1256 1069; baseline 0.006 -19"><span class='ocrx_word' id='word_1_54' title='bbox 155 1003 196 1066; x_wconf 91' lang='lat' dir='ltr'>qui</span> <span class='ocrx_word' id='word_1_55' title='bbox 214 1004 262 1052; x_wconf 79' lang='lat' dir='ltr'>iste</span> <span class='ocrx_word' id='word_1_56' title='bbox 276 1005 325 1069; x_wconf 82' lang='lat' dir='ltr'>jons</span> <span class='ocrx_word' id='word_1_57' title='bbox 347 1004 497 1062; x_wconf 70' lang='lat' dir='ltr'>audiverunt,</span> <span class='ocrx_word' id='word_1_58' title='bbox 519 1004 639 1068; x_wconf 84' lang='lat' dir='ltr'>pollentes</span> <span class='ocrx_word' id='word_1_59' title='bbox 657 1002 775 1055; x_wconf 81' lang='lat' dir='ltr'>acumine,</span> <span class='ocrx_word' id='word_1_60' title='bbox 793 1001 913 1062; x_wconf 80' lang='lat' dir='ltr'>pollentes</span> <span class='ocrx_word' id='word_1_61' title='bbox 925 1002 1046 1057; x_wconf 83' lang='lat' dir='ltr'>mensoris,</span> <span class='ocrx_word' id='word_1_62' title='bbox 1062 1003 1088 1050; x_wconf 89' lang='lat' dir='ltr'>in</span> <span class='ocrx_word' id='word_1_63' title='bbox 1099 1006 1256 1057; x_wconf 81' lang='lat' dir='ltr'>essroiorsodo</span> 
     </span>
     <span class='ocr_line' id='line_1_7' title="bbox 154 1081 1256 1149; baseline 0.005 -17"><span class='ocrx_word' id='word_1_64' title='bbox 154 1092 181 1132; x_wconf 85' lang='lat' dir='ltr'>st</span> <span class='ocrx_word' id='word_1_65' title='bbox 188 1083 321 1146; x_wconf 81' lang='lat' dir='ltr'>judiosndn</span> <span class='ocrx_word' id='word_1_66' title='bbox 330 1086 448 1142; x_wconf 82' lang='lat' dir='ltr'>sollertes.</span> <span class='ocrx_word' id='word_1_67' title='bbox 460 1085 568 1149; x_wconf 80' lang='lat' dir='ltr'>prouecti</span> <span class='ocrx_word' id='word_1_68' title='bbox 574 1085 625 1148; x_wconf 77' lang='lat' dir='ltr'>jam</span> <span class='ocrx_word' id='word_1_69' title='bbox 635 1089 714 1136; x_wconf 76' lang='grc' dir='ltr'>ιιιιι.</span> <span class='ocrx_word' id='word_1_70' title='bbox 727 1095 803 1143; x_wconf 84' lang='lat' dir='ltr'>neque</span> <span class='ocrx_word' id='word_1_71' title='bbox 816 1081 894 1128; x_wconf 82' lang='lat' dir='ltr'>minus</span> <span class='ocrx_word' id='word_1_72' title='bbox 904 1081 1003 1144; x_wconf 75' lang='lat' dir='ltr'>triginta</span> <span class='ocrx_word' id='word_1_73' title='bbox 1012 1083 1082 1131; x_wconf 81' lang='lat' dir='ltr'>annis</span> <span class='ocrx_word' id='word_1_74' title='bbox 1093 1086 1144 1133; x_wconf 76' lang='lat' dir='ltr'>hese</span> <span class='ocrx_word' id='word_1_75' title='bbox 1155 1087 1256 1137; x_wconf 71' lang='lat' dir='ltr'>audive-</span> 
     </span>
     <span class='ocr_line' id='line_1_8' title="bbox 154 1161 1256 1228; baseline 0.005 -16"><span class='ocrx_word' id='word_1_76' title='bbox 154 1173 212 1212; x_wconf 88' lang='lat' dir='ltr'>runt</span> <span class='ocrx_word' id='word_1_77' title='bbox 222 1182 228 1210; x_wconf 88' lang='lat'>:</span> <span class='ocrx_word' id='word_1_78' title='bbox 246 1167 272 1214; x_wconf 84' lang='lat' dir='ltr'>lsi</span> <span class='ocrx_word' id='word_1_79' title='bbox 282 1176 361 1214; x_wconf 80' lang='lat' dir='ltr'>tumen</span> <span class='ocrx_word' id='word_1_80' title='bbox 370 1167 496 1222; x_wconf 82' lang='lat' dir='ltr'>sllirmoot,</span> <span class='ocrx_word' id='word_1_81' title='bbox 507 1181 560 1228; x_wconf 73' lang='lat' dir='ltr'>quse</span> <span class='ocrx_word' id='word_1_82' title='bbox 571 1164 654 1212; x_wconf 86' lang='lat' dir='ltr'>suditu</span> <span class='ocrx_word' id='word_1_83' title='bbox 664 1161 785 1226; x_wconf 71' lang='lat' dir='ltr'>quondam</span> <span class='ocrx_word' id='word_1_84' title='bbox 795 1161 946 1210; x_wconf 76' lang='lat' dir='ltr'><strong>incredibilia</strong></span> <span class='ocrx_word' id='word_1_85' title='bbox 956 1163 1056 1210; x_wconf 78' lang='lat' dir='ltr'>maxime</span> <span class='ocrx_word' id='word_1_86' title='bbox 1065 1163 1215 1216; x_wconf 77' lang='lat' dir='ltr'>videbantur.</span> <span class='ocrx_word' id='word_1_87' title='bbox 1226 1185 1256 1218; x_wconf 82' lang='lat' dir='ltr'>es</span> 
     </span>
     <span class='ocr_line' id='line_1_9' title="bbox 154 1243 1256 1310; baseline 0.005 -18"><span class='ocrx_word' id='word_1_88' title='bbox 154 1245 201 1292; x_wconf 86' lang='lat' dir='ltr'>sibi</span> <span class='ocrx_word' id='word_1_89' title='bbox 213 1261 277 1295; x_wconf 85' lang='lat' dir='ltr'>nuno</span> <span class='ocrx_word' id='word_1_90' title='bbox 287 1247 387 1310; x_wconf 82' lang='lat' dir='ltr'>primurn</span> <span class='ocrx_word' id='word_1_91' title='bbox 398 1246 469 1294; x_wconf 83' lang='lat' dir='ltr'>vuldo</span> <span class='ocrx_word' id='word_1_92' title='bbox 479 1244 603 1294; x_wconf 81' lang='lat' dir='ltr'>credibilis</span> <span class='ocrx_word' id='word_1_93' title='bbox 613 1243 688 1292; x_wconf 84' lang='lat' dir='ltr'>videri</span> <span class='ocrx_word' id='word_1_94' title='bbox 699 1251 772 1306; x_wconf 78' lang='lat' dir='ltr'>utque</span> <span class='ocrx_word' id='word_1_95' title='bbox 783 1243 921 1306; x_wconf 73' lang='lat' dir='ltr'>perspicus:</span> <span class='ocrx_word' id='word_1_96' title='bbox 939 1251 965 1292; x_wconf 87' lang='lat' dir='ltr'>et</span> <span class='ocrx_word' id='word_1_97' title='bbox 982 1259 1036 1308; x_wconf 78' lang='lat' dir='ltr'>quo</span> <span class='ocrx_word' id='word_1_98' title='bbox 1046 1252 1103 1294; x_wconf 83' lang='lat' dir='ltr'>tunc</span> <span class='ocrx_word' id='word_1_99' title='bbox 1115 1250 1256 1310; x_wconf 86' lang='lat' dir='ltr'>probsbilis·</span> 
     </span>
     <span class='ocr_line' id='line_1_10' title="bbox 155 1323 1258 1391; baseline 0.007 -19"><span class='ocrx_word' id='word_1_100' title='bbox 155 1325 224 1382; x_wconf 83' lang='lat' dir='ltr'>sims,</span> <span class='ocrx_word' id='word_1_101' title='bbox 244 1341 274 1376; x_wconf 82' lang='grc' dir='ltr'>ιι</span> <span class='ocrx_word' id='word_1_102' title='bbox 288 1343 353 1376; x_wconf 87' lang='lat' dir='ltr'>nunc</span> <span class='ocrx_word' id='word_1_103' title='bbox 371 1327 417 1374; x_wconf 87' lang='lat' dir='ltr'>sibi</span> <span class='ocrx_word' id='word_1_104' title='bbox 435 1333 519 1374; x_wconf 73' lang='lat' dir='ltr'>conus</span> <span class='ocrx_word' id='word_1_105' title='bbox 527 1324 612 1374; x_wconf 83' lang='lat' dir='ltr'>videri.</span> <span class='ocrx_word' id='word_1_106' title='bbox 630 1325 681 1372; x_wconf 68' lang='grc' dir='ltr'>ιιι</span> <span class='ocrx_word' id='word_1_107' title='bbox 692 1323 765 1386; x_wconf 78' lang='lat' dir='ltr'>igitur</span> <span class='ocrx_word' id='word_1_108' title='bbox 774 1323 871 1370; x_wconf 88' lang='lat' dir='ltr'>intuens</span> <span class='ocrx_word' id='word_1_109' title='bbox 881 1339 947 1380; x_wconf 79' lang='lat' dir='ltr'>cnse,</span> <span class='ocrx_word' id='word_1_110' title='bbox 956 1339 987 1372; x_wconf 87' lang='lat' dir='ltr'>ne</span> <span class='ocrx_word' id='word_1_111' title='bbox 999 1326 1096 1388; x_wconf 83' lang='lat' dir='ltr'>quondo</span> <span class='ocrx_word' id='word_1_112' title='bbox 1105 1335 1129 1374; x_wconf 86' lang='lat' dir='ltr'>te</span> <span class='ocrx_word' id='word_1_113' title='bbox 1141 1330 1258 1391; x_wconf 82' lang='lat' dir='ltr'>poenitent</span> 
     </span>
     <span class='ocr_line' id='line_1_11' title="bbox 155 1404 1255 1472; baseline 0.006 -19"><span class='ocrx_word' id='word_1_114' title='bbox 155 1421 247 1463; x_wconf 83' lang='lat' dir='ltr'>eorum,</span> <span class='ocrx_word' id='word_1_115' title='bbox 267 1424 320 1472; x_wconf 76' lang='lat' dir='ltr'>qun</span> <span class='ocrx_word' id='word_1_116' title='bbox 341 1408 383 1456; x_wconf 83' lang='lat' dir='ltr'>tibi</span> <span class='ocrx_word' id='word_1_117' title='bbox 397 1407 497 1470; x_wconf 74' lang='lat' dir='ltr'>indigne</span> <span class='ocrx_word' id='word_1_118' title='bbox 516 1422 579 1454; x_wconf 89' lang='lat' dir='ltr'>nono</span> <span class='ocrx_word' id='word_1_119' title='bbox 599 1405 745 1453; x_wconf 79' lang='lat' dir='ltr'>exciderunt.</span> <span class='ocrx_word' id='word_1_120' title='bbox 763 1404 865 1470; x_wconf 78' lang='lat' dir='ltr'>ronxims</span> <span class='ocrx_word' id='word_1_121' title='bbox 882 1419 938 1452; x_wconf 82' lang='lat' dir='ltr'>sero</span> <span class='ocrx_word' id='word_1_122' title='bbox 955 1406 1024 1470; x_wconf 86' lang='lat' dir='ltr'>hujus</span> <span class='ocrx_word' id='word_1_123' title='bbox 1042 1407 1077 1454; x_wconf 85' lang='lat' dir='ltr'>rei</span> <span class='ocrx_word' id='word_1_124' title='bbox 1089 1409 1197 1457; x_wconf 83' lang='lat' dir='ltr'>custodis</span> <span class='ocrx_word' id='word_1_125' title='bbox 1208 1421 1255 1469; x_wconf 83' lang='lat' dir='ltr'>est,</span> 
     </span>
     <span class='ocr_line' id='line_1_12' title="bbox 154 1484 1254 1550; baseline 0.005 -16"><span class='ocrx_word' id='word_1_126' title='bbox 154 1488 216 1536; x_wconf 84' lang='lat' dir='ltr'>nihil</span> <span class='ocrx_word' id='word_1_127' title='bbox 234 1489 346 1544; x_wconf 79' lang='lat' dir='ltr'>scribere,</span> <span class='ocrx_word' id='word_1_128' title='bbox 363 1488 405 1538; x_wconf 83' lang='lat' dir='ltr'>sed</span> <span class='ocrx_word' id='word_1_129' title='bbox 421 1486 554 1536; x_wconf 68' lang='lat' dir='ltr'>edducm.</span> <span class='ocrx_word' id='word_1_130' title='bbox 569 1501 626 1534; x_wconf 78' lang='lat' dir='ltr'>num</span> <span class='ocrx_word' id='word_1_131' title='bbox 636 1501 691 1550; x_wconf 75' lang='lat' dir='ltr'>que</span> <span class='ocrx_word' id='word_1_132' title='bbox 700 1485 843 1540; x_wconf 85' lang='lat' dir='ltr'>scribuntur,</span> <span class='ocrx_word' id='word_1_133' title='bbox 852 1484 969 1533; x_wconf 71' lang='lat' dir='ltr'>contineri</span> <span class='ocrx_word' id='word_1_134' title='bbox 981 1501 1029 1533; x_wconf 89' lang='lat' dir='ltr'>oon</span> <span class='ocrx_word' id='word_1_135' title='bbox 1041 1499 1150 1550; x_wconf 79' lang='lat' dir='ltr'>possunt.</span> <span class='ocrx_word' id='word_1_136' title='bbox 1167 1491 1212 1539; x_wconf 78' lang='lat' dir='ltr'>ists</span> <span class='ocrx_word' id='word_1_137' title='bbox 1223 1495 1254 1541; x_wconf 87' lang='lat' dir='ltr'>ds</span> 
     </span>
     <span class='ocr_line' id='line_1_13' title="bbox 154 1565 1361 1636; baseline 0.002 -18"><span class='ocrx_word' id='word_1_138' title='bbox 154 1583 229 1618; x_wconf 80' lang='grc' dir='ltr'>ιιιιι</span> <span class='ocrx_word' id='word_1_139' title='bbox 238 1569 297 1618; x_wconf 90' lang='lat' dir='ltr'>nihil</span> <span class='ocrx_word' id='word_1_140' title='bbox 309 1586 355 1632; x_wconf 75' lang='lat' dir='ltr'>ego</span> <span class='ocrx_word' id='word_1_141' title='bbox 365 1569 396 1617; x_wconf 91' lang='lat' dir='ltr'>de</span> <span class='ocrx_word' id='word_1_142' title='bbox 406 1570 436 1618; x_wconf 91' lang='lat' dir='ltr'>iis</span> <span class='ocrx_word' id='word_1_143' title='bbox 444 1569 528 1633; x_wconf 84' lang='lat' dir='ltr'>scripsi</span> <span class='ocrx_word' id='word_1_144' title='bbox 538 1583 643 1632; x_wconf 76' lang='lat' dir='ltr'>unquam</span> <span class='ocrx_word' id='word_1_145' title='bbox 653 1585 658 1614; x_wconf 73' lang='grc' dir='ltr'>ι</span> <span class='ocrx_word' id='word_1_146' title='bbox 672 1581 749 1630; x_wconf 86' lang='lat' dir='ltr'>oeque</span> <span class='ocrx_word' id='word_1_147' title='bbox 758 1573 795 1614; x_wconf 85' lang='grc' dir='ltr'>ιιι</span> <span class='ocrx_word' id='word_1_148' title='bbox 802 1565 909 1614; x_wconf 83' lang='lat' dir='ltr'>Plutonis</span> <span class='ocrx_word' id='word_1_149' title='bbox 917 1581 977 1630; x_wconf 88' lang='lat' dir='ltr'>opus</span> <span class='ocrx_word' id='word_1_150' title='bbox 985 1568 1141 1631; x_wconf 80' lang='lat' dir='ltr'>perscriptum</span> <span class='ocrx_word' id='word_1_151' title='bbox 1149 1571 1254 1636; x_wconf 74' lang='lat' dir='ltr'>aliquod,</span> <span class='ocrx_word' id='word_1_152' title='bbox 1358 1625 1361 1632; x_wconf 59' lang='grc'>,</span> 
     </span>
     <span class='ocr_line' id='line_1_14' title="bbox 154 1647 1257 1715; baseline 0 -17"><span class='ocrx_word' id='word_1_153' title='bbox 154 1664 235 1714; x_wconf 86' lang='lat' dir='ltr'>neque</span> <span class='ocrx_word' id='word_1_154' title='bbox 244 1651 297 1698; x_wconf 84' lang='lat' dir='ltr'>erit.</span> <span class='ocrx_word' id='word_1_155' title='bbox 313 1665 367 1714; x_wconf 79' lang='lat' dir='ltr'>quse</span> <span class='ocrx_word' id='word_1_156' title='bbox 378 1659 459 1698; x_wconf 84' lang='lat' dir='ltr'>sutem</span> <span class='ocrx_word' id='word_1_157' title='bbox 468 1649 540 1698; x_wconf 89' lang='lat' dir='ltr'>ruodo</span> <span class='ocrx_word' id='word_1_158' title='bbox 550 1649 669 1704; x_wconf 83' lang='lat' dir='ltr'>dicuntur,</span> <span class='ocrx_word' id='word_1_159' title='bbox 686 1647 791 1696; x_wconf 83' lang='lat' dir='ltr'>Soorntis</span> <span class='ocrx_word' id='word_1_160' title='bbox 802 1655 856 1696; x_wconf 89' lang='lat' dir='ltr'>suut</span> <span class='ocrx_word' id='word_1_161' title='bbox 869 1665 875 1693; x_wconf 80' lang='lat' dir='ltr'><strong><em>z</em></strong></span> <span class='ocrx_word' id='word_1_162' title='bbox 894 1647 933 1710; x_wconf 88' lang='lat' dir='ltr'>qui</span> <span class='ocrx_word' id='word_1_163' title='bbox 945 1648 980 1696; x_wconf 89' lang='lat' dir='ltr'>rir</span> <span class='ocrx_word' id='word_1_164' title='bbox 996 1647 1070 1696; x_wconf 80' lang='lat' dir='ltr'>etism</span> <span class='ocrx_word' id='word_1_165' title='bbox 1089 1651 1147 1698; x_wconf 88' lang='lat' dir='ltr'>dum</span> <span class='ocrx_word' id='word_1_166' title='bbox 1161 1651 1257 1715; x_wconf 73' lang='lat' dir='ltr'>juvenis</span> 
     </span>
     <span class='ocr_line' id='line_1_15' title="bbox 154 1727 1255 1796; baseline 0.005 -18"><span class='ocrx_word' id='word_1_167' title='bbox 154 1738 228 1786; x_wconf 84' lang='lat' dir='ltr'>esset,</span> <span class='ocrx_word' id='word_1_168' title='bbox 241 1732 327 1780; x_wconf 77' lang='lat' dir='ltr'>virtuto</span> <span class='ocrx_word' id='word_1_169' title='bbox 342 1731 436 1781; x_wconf 79' lang='lat' dir='ltr'>claruit.</span> <span class='ocrx_word' id='word_1_170' title='bbox 453 1731 514 1787; x_wconf 78' lang='lat' dir='ltr'>vole,</span> <span class='ocrx_word' id='word_1_171' title='bbox 526 1739 551 1779; x_wconf 85' lang='lat' dir='ltr'>rt</span> <span class='ocrx_word' id='word_1_172' title='bbox 560 1731 628 1778; x_wconf 85' lang='lat' dir='ltr'>nobis</span> <span class='ocrx_word' id='word_1_173' title='bbox 639 1729 720 1780; x_wconf 80' lang='lat' dir='ltr'>crede.</span> <span class='ocrx_word' id='word_1_174' title='bbox 737 1737 809 1792; x_wconf 83' lang='lat' dir='ltr'>etque</span> <span class='ocrx_word' id='word_1_175' title='bbox 820 1729 880 1776; x_wconf 82' lang='lat' dir='ltr'>irruo</span> <span class='ocrx_word' id='word_1_176' title='bbox 891 1727 1025 1791; x_wconf 79' lang='lat' dir='ltr'>epistolum.</span> <span class='ocrx_word' id='word_1_177' title='bbox 1037 1745 1092 1778; x_wconf 89' lang='lat' dir='ltr'>curn</span> <span class='ocrx_word' id='word_1_178' title='bbox 1102 1733 1191 1796; x_wconf 80' lang='lat' dir='ltr'>soepius</span> <span class='ocrx_word' id='word_1_179' title='bbox 1201 1749 1255 1783; x_wconf 80' lang='lat' dir='ltr'>esus</span> 
     </span>
     <span class='ocr_line' id='line_1_16' title="bbox 155 1809 1270 1880; baseline 0.005 -22"><span class='ocrx_word' id='word_1_180' title='bbox 155 1811 252 1874; x_wconf 76' lang='lat' dir='ltr'>legeris,</span> <span class='ocrx_word' id='word_1_181' title='bbox 262 1811 344 1860; x_wconf 75' lang='lat' dir='ltr'>stetim</span> <span class='ocrx_word' id='word_1_182' title='bbox 352 1812 473 1861; x_wconf 84' lang='lat' dir='ltr'>combure.</span> <span class='ocrx_word' id='word_1_183' title='bbox 489 1819 515 1860; x_wconf 84' lang='lat' dir='ltr'>et</span> <span class='ocrx_word' id='word_1_184' title='bbox 525 1813 556 1860; x_wconf 86' lang='lat' dir='ltr'>de</span> <span class='ocrx_word' id='word_1_185' title='bbox 567 1812 604 1860; x_wconf 88' lang='lat' dir='ltr'>his</span> <span class='ocrx_word' id='word_1_186' title='bbox 612 1810 711 1874; x_wconf 85' lang='lat' dir='ltr'>quidem</span> <span class='ocrx_word' id='word_1_187' title='bbox 721 1811 787 1856; x_wconf 81' lang='lat' dir='ltr'>sutis.</span> <span class='ocrx_word' id='word_1_188' title='bbox 804 1809 896 1858; x_wconf 72' lang='lat' dir='ltr'>iniretis</span> <span class='ocrx_word' id='word_1_189' title='bbox 904 1816 992 1866; x_wconf 79' lang='lat' dir='ltr'>eutem,</span> <span class='ocrx_word' id='word_1_190' title='bbox 1004 1811 1068 1874; x_wconf 91' lang='lat' dir='ltr'>quod</span> <span class='ocrx_word' id='word_1_191' title='bbox 1078 1813 1108 1859; x_wconf 87' lang='lat' dir='ltr'>sd</span> <span class='ocrx_word' id='word_1_192' title='bbox 1117 1821 1141 1860; x_wconf 86' lang='lat' dir='ltr'>to</span> <span class='ocrx_word' id='word_1_193' title='bbox 1151 1813 1270 1880; x_wconf 75' lang='lat' dir='ltr'>Polyxo·¹</span> 
     </span>
     <span class='ocr_line' id='line_1_17' title="bbox 155 1891 1257 1958; baseline 0.006 -20"><span class='ocrx_word' id='word_1_194' title='bbox 155 1905 216 1938; x_wconf 87' lang='lat' dir='ltr'>num</span> <span class='ocrx_word' id='word_1_195' title='bbox 236 1907 286 1940; x_wconf 86' lang='lat' dir='ltr'>non</span> <span class='ocrx_word' id='word_1_196' title='bbox 303 1892 405 1942; x_wconf 76' lang='lat' dir='ltr'>mittens.</span> <span class='ocrx_word' id='word_1_197' title='bbox 421 1908 466 1956; x_wconf 76' lang='lat' dir='ltr'>ego</span> <span class='ocrx_word' id='word_1_198' title='bbox 485 1901 565 1942; x_wconf 85' lang='lat' dir='ltr'>sutem</span> <span class='ocrx_word' id='word_1_199' title='bbox 575 1893 606 1941; x_wconf 87' lang='lat' dir='ltr'>de</span> <span class='ocrx_word' id='word_1_200' title='bbox 618 1893 775 1958; x_wconf 83' lang='lat' dir='ltr'>Lycophrone</span> <span class='ocrx_word' id='word_1_201' title='bbox 786 1891 859 1940; x_wconf 79' lang='lat' dir='ltr'>etism</span> <span class='ocrx_word' id='word_1_202' title='bbox 870 1897 896 1938; x_wconf 86' lang='lat' dir='ltr'>et</span> <span class='ocrx_word' id='word_1_203' title='bbox 911 1891 1017 1953; x_wconf 86' lang='lat' dir='ltr'>reliquis,</span> <span class='ocrx_word' id='word_1_204' title='bbox 1029 1892 1070 1954; x_wconf 88' lang='lat' dir='ltr'>qui</span> <span class='ocrx_word' id='word_1_205' title='bbox 1081 1893 1147 1956; x_wconf 87' lang='lat' dir='ltr'>spnd</span> <span class='ocrx_word' id='word_1_206' title='bbox 1158 1903 1182 1942; x_wconf 85' lang='grc' dir='ltr'>ιι</span> <span class='ocrx_word' id='word_1_207' title='bbox 1193 1905 1257 1954; x_wconf 87' lang='grc' dir='ltr'>ιιιι,</span> 
     </span>
     <span class='ocr_line' id='line_1_18' title="bbox 154 1971 1259 2036; baseline 0.006 -16"><span class='ocrx_word' id='word_1_208' title='bbox 154 1971 221 2020; x_wconf 84' lang='lat' dir='ltr'>idem</span> <span class='ocrx_word' id='word_1_209' title='bbox 228 1971 370 2036; x_wconf 71' lang='lat' dir='ltr'>jamdudum</span> <span class='ocrx_word' id='word_1_210' title='bbox 382 1981 408 2021; x_wconf 86' lang='grc' dir='ltr'>ιι</span> <span class='ocrx_word' id='word_1_211' title='bbox 417 1989 482 2022; x_wconf 88' lang='lat' dir='ltr'>nuno</span> <span class='ocrx_word' id='word_1_212' title='bbox 492 1989 587 2036; x_wconf 89' lang='lat' dir='ltr'>prorsus</span> <span class='ocrx_word' id='word_1_213' title='bbox 596 1975 693 2028; x_wconf 75' lang='lat' dir='ltr'>offirmo,</span> <span class='ocrx_word' id='word_1_214' title='bbox 702 1980 727 2021; x_wconf 85' lang='grc' dir='ltr'>ιι</span> <span class='ocrx_word' id='word_1_215' title='bbox 736 1972 828 2020; x_wconf 84' lang='lat' dir='ltr'>scilicet</span> <span class='ocrx_word' id='word_1_216' title='bbox 838 1971 893 2020; x_wconf 79' lang='lat' dir='ltr'>istis</span> <span class='ocrx_word' id='word_1_217' title='bbox 903 1979 953 2019; x_wconf 90' lang='lat' dir='ltr'>turn</span> <span class='ocrx_word' id='word_1_218' title='bbox 964 1971 1115 2034; x_wconf 78' lang='lat' dir='ltr'>ingeniosum</span> <span class='ocrx_word' id='word_1_219' title='bbox 1127 1974 1259 2027; x_wconf 69' lang='grc' dir='ltr'>ὥιιιιιιάἰ</span> 
     </span>
     <span class='ocr_line' id='line_1_19' title="bbox 155 2052 1259 2119; baseline 0.006 -19"><span class='ocrx_word' id='word_1_220' title='bbox 155 2059 207 2100; x_wconf 77' lang='lat' dir='ltr'>ute</span> <span class='ocrx_word' id='word_1_221' title='bbox 218 2059 330 2116; x_wconf 68' lang='lat' dir='ltr'>prestere</span> <span class='ocrx_word' id='word_1_222' title='bbox 338 2067 411 2116; x_wconf 80' lang='lat' dir='ltr'>quom</span> <span class='ocrx_word' id='word_1_223' title='bbox 422 2053 566 2116; x_wconf 83' lang='lat' dir='ltr'>plurimum:</span> <span class='ocrx_word' id='word_1_224' title='bbox 585 2070 631 2102; x_wconf 84' lang='lat' dir='ltr'>nec</span> <span class='ocrx_word' id='word_1_225' title='bbox 641 2053 734 2102; x_wconf 91' lang='lat' dir='ltr'>illorurn</span> <span class='ocrx_word' id='word_1_226' title='bbox 745 2067 888 2117; x_wconf 64' lang='lat' dir='ltr'>quemquam</span> <span class='ocrx_word' id='word_1_227' title='bbox 898 2061 982 2116; x_wconf 83' lang='lat' dir='ltr'>sponte</span> <span class='ocrx_word' id='word_1_228' title='bbox 1000 2052 1043 2100; x_wconf 89' lang='lat' dir='ltr'>tibi</span> <span class='ocrx_word' id='word_1_229' title='bbox 1061 2054 1086 2100; x_wconf 91' lang='lat' dir='ltr'>in</span> <span class='ocrx_word' id='word_1_230' title='bbox 1103 2055 1259 2119; x_wconf 75' lang='lat' dir='ltr'>disputando,</span> 
     </span>
     <span class='ocr_line' id='line_1_20' title="bbox 156 2133 1260 2197; baseline 0.007 -17"><span class='ocrx_word' id='word_1_231' title='bbox 156 2141 184 2180; x_wconf 89' lang='lat' dir='ltr'>nt</span> <span class='ocrx_word' id='word_1_232' title='bbox 203 2133 276 2197; x_wconf 87' lang='lat' dir='ltr'>sliqoi</span> <span class='ocrx_word' id='word_1_233' title='bbox 294 2134 452 2197; x_wconf 66' lang='lat' dir='ltr'>suspicantur,</span> <span class='ocrx_word' id='word_1_234' title='bbox 468 2135 564 2190; x_wconf 85' lang='lat' dir='ltr'>cedere,</span> <span class='ocrx_word' id='word_1_235' title='bbox 582 2135 626 2186; x_wconf 74' lang='lat' dir='ltr'>sed</span> <span class='ocrx_word' id='word_1_236' title='bbox 643 2134 737 2182; x_wconf 81' lang='lat' dir='ltr'>insitos.</span> <span class='ocrx_word' id='word_1_237' title='bbox 756 2134 821 2196; x_wconf 86' lang='lat' dir='ltr'>stqui</span> <span class='ocrx_word' id='word_1_238' title='bbox 842 2133 929 2180; x_wconf 81' lang='lat' dir='ltr'>rideris</span> <span class='ocrx_word' id='word_1_239' title='bbox 947 2133 1075 2182; x_wconf 85' lang='lat' dir='ltr'>ndmodnm</span> <span class='ocrx_word' id='word_1_240' title='bbox 1093 2137 1202 2186; x_wconf 83' lang='lat' dir='ltr'>modeste</span> <span class='ocrx_word' id='word_1_241' title='bbox 1214 2140 1260 2188; x_wconf 85' lang='lat' dir='ltr'>illis</span> 
     </span>
     <span class='ocr_line' id='line_1_21' title="bbox 157 2213 1260 2284; baseline 0.008 -24"><span class='ocrx_word' id='word_1_242' title='bbox 157 2213 231 2262; x_wconf 82' lang='lat' dir='ltr'>luisse</span> <span class='ocrx_word' id='word_1_243' title='bbox 243 2230 308 2271; x_wconf 79' lang='lat' dir='ltr'>usus,</span> <span class='ocrx_word' id='word_1_244' title='bbox 319 2222 344 2262; x_wconf 83' lang='grc' dir='ltr'>ιι</span> <span class='ocrx_word' id='word_1_245' title='bbox 355 2215 460 2262; x_wconf 83' lang='lat' dir='ltr'>honestis</span> <span class='ocrx_word' id='word_1_246' title='bbox 470 2230 513 2264; x_wconf 84' lang='lat' dir='ltr'>eos</span> <span class='ocrx_word' id='word_1_247' title='bbox 522 2215 656 2264; x_wconf 78' lang='lat' dir='ltr'>muneribus</span> <span class='ocrx_word' id='word_1_248' title='bbox 668 2223 812 2278; x_wconf 68' lang='lat' dir='ltr'>prosecutus.</span> <span class='ocrx_word' id='word_1_249' title='bbox 828 2213 872 2261; x_wconf 82' lang='lat' dir='ltr'>sed</span> <span class='ocrx_word' id='word_1_250' title='bbox 883 2213 914 2261; x_wconf 85' lang='lat' dir='ltr'>de</span> <span class='ocrx_word' id='word_1_251' title='bbox 921 2215 951 2262; x_wconf 91' lang='lat' dir='ltr'>iis</span> <span class='ocrx_word' id='word_1_252' title='bbox 962 2213 1068 2277; x_wconf 85' lang='lat' dir='ltr'>quidem,</span> <span class='ocrx_word' id='word_1_253' title='bbox 1077 2217 1178 2279; x_wconf 79' lang='lat' dir='ltr'>perinde</span> <span class='ocrx_word' id='word_1_254' title='bbox 1187 2229 1260 2284; x_wconf 78' lang='lat' dir='ltr'>utque</span> 
     </span>
     <span class='ocr_line' id='line_1_22' title="bbox 159 2293 1260 2364; baseline 0.006 -22"><span class='ocrx_word' id='word_1_255' title='bbox 159 2293 189 2342; x_wconf 85' lang='lat' dir='ltr'>de</span> <span class='ocrx_word' id='word_1_256' title='bbox 210 2295 306 2350; x_wconf 82' lang='lat' dir='ltr'>talibus,</span> <span class='ocrx_word' id='word_1_257' title='bbox 326 2295 383 2342; x_wconf 83' lang='lat' dir='ltr'>tulis</span> <span class='ocrx_word' id='word_1_258' title='bbox 405 2296 483 2344; x_wconf 81' lang='lat' dir='ltr'>mults</span> <span class='ocrx_word' id='word_1_259' title='bbox 502 2296 558 2344; x_wconf 85' lang='lat' dir='ltr'>licet</span> <span class='ocrx_word' id='word_1_260' title='bbox 578 2296 668 2346; x_wconf 84' lang='lat' dir='ltr'>dicere.</span> <span class='ocrx_word' id='word_1_261' title='bbox 702 2293 845 2342; x_wconf 84' lang='lat' dir='ltr'>Philistione</span> <span class='ocrx_word' id='word_1_262' title='bbox 861 2295 882 2340; x_wconf 87' lang='lat' dir='ltr'>si</span> <span class='ocrx_word' id='word_1_263' title='bbox 904 2295 939 2342; x_wconf 83' lang='lat' dir='ltr'>uti</span> <span class='ocrx_word' id='word_1_264' title='bbox 958 2295 1092 2361; x_wconf 80' lang='lat' dir='ltr'>contigerit,</span> <span class='ocrx_word' id='word_1_265' title='bbox 1112 2305 1177 2347; x_wconf 75' lang='lat' dir='ltr'>utere</span> <span class='ocrx_word' id='word_1_266' title='bbox 1188 2315 1260 2364; x_wconf 78' lang='lat' dir='ltr'>quom</span> 
     </span>
     <span class='ocr_line' id='line_1_23' title="bbox 159 2375 1261 2442; baseline 0.007 -18"><span class='ocrx_word' id='word_1_267' title='bbox 159 2376 272 2424; x_wconf 77' lang='lat' dir='ltr'>mxime.</span> <span class='ocrx_word' id='word_1_268' title='bbox 288 2384 323 2432; x_wconf 82' lang='lat' dir='ltr'>et,</span> <span class='ocrx_word' id='word_1_269' title='bbox 334 2376 356 2424; x_wconf 89' lang='lat' dir='ltr'>si</span> <span class='ocrx_word' id='word_1_270' title='bbox 367 2375 417 2424; x_wconf 83' lang='lat' dir='ltr'>fieri</span> <span class='ocrx_word' id='word_1_271' title='bbox 427 2384 516 2440; x_wconf 83' lang='lat' dir='ltr'>potest,</span> <span class='ocrx_word' id='word_1_272' title='bbox 528 2376 655 2440; x_wconf 75' lang='lat' dir='ltr'>Speusippi</span> <span class='ocrx_word' id='word_1_273' title='bbox 667 2383 735 2424; x_wconf 85' lang='lat' dir='ltr'>utere</span> <span class='ocrx_word' id='word_1_274' title='bbox 746 2389 828 2438; x_wconf 79' lang='lat' dir='ltr'>opert,</span> <span class='ocrx_word' id='word_1_275' title='bbox 839 2381 911 2437; x_wconf 78' lang='lat' dir='ltr'>utque</span> <span class='ocrx_word' id='word_1_276' title='bbox 922 2375 1036 2423; x_wconf 74' lang='lat' dir='ltr'>remittas.</span> <span class='ocrx_word' id='word_1_277' title='bbox 1051 2385 1107 2441; x_wconf 74' lang='lat' dir='ltr'>eget</span> <span class='ocrx_word' id='word_1_278' title='bbox 1117 2380 1215 2442; x_wconf 87' lang='lat' dir='ltr'>quidem</span> <span class='ocrx_word' id='word_1_279' title='bbox 1225 2385 1261 2432; x_wconf 90' lang='lat' dir='ltr'>tui</span> 
     </span>
     <span class='ocr_line' id='line_1_24' title="bbox 158 2454 1261 2520; baseline 0.008 -18"><span class='ocrx_word' id='word_1_280' title='bbox 158 2464 185 2504; x_wconf 87' lang='lat' dir='ltr'>et</span> <span class='ocrx_word' id='word_1_281' title='bbox 196 2457 354 2520; x_wconf 71' lang='lat' dir='ltr'>Speusippus.</span> <span class='ocrx_word' id='word_1_282' title='bbox 373 2457 493 2520; x_wconf 73' lang='lat' dir='ltr'>pollicitus</span> <span class='ocrx_word' id='word_1_283' title='bbox 504 2465 585 2506; x_wconf 81' lang='lat' dir='ltr'>sutem</span> <span class='ocrx_word' id='word_1_284' title='bbox 596 2457 654 2504; x_wconf 85' lang='lat' dir='ltr'>mihi</span> <span class='ocrx_word' id='word_1_285' title='bbox 674 2464 712 2504; x_wconf 96' lang='grc' dir='ltr'>ιιι</span> <span class='ocrx_word' id='word_1_286' title='bbox 728 2455 867 2511; x_wconf 82' lang='lat' dir='ltr'>Philistion,</span> <span class='ocrx_word' id='word_1_287' title='bbox 877 2454 898 2504; x_wconf 87' lang='lat' dir='ltr'>si</span> <span class='ocrx_word' id='word_1_288' title='bbox 908 2456 949 2504; x_wconf 81' lang='lat' dir='ltr'>obs</span> <span class='ocrx_word' id='word_1_289' title='bbox 959 2463 984 2504; x_wconf 90' lang='grc' dir='ltr'>ιι</span> <span class='ocrx_word' id='word_1_290' title='bbox 995 2457 1137 2514; x_wconf 70' lang='lat' dir='ltr'>dimittatur,</span> <span class='ocrx_word' id='word_1_291' title='bbox 1147 2475 1173 2508; x_wconf 89' lang='grc' dir='ltr'>ιι</span> <span class='ocrx_word' id='word_1_292' title='bbox 1186 2462 1261 2511; x_wconf 78' lang='lat' dir='ltr'>Asue-</span> 
     </span>
     <span class='ocr_line' id='line_1_25' title="bbox 160 2536 1263 2601; baseline 0.007 -17"><span class='ocrx_word' id='word_1_293' title='bbox 160 2551 204 2584; x_wconf 84' lang='lat' dir='ltr'>uss</span> <span class='ocrx_word' id='word_1_294' title='bbox 215 2552 229 2584; x_wconf 86' lang='lat' dir='ltr'>e</span> <span class='ocrx_word' id='word_1_295' title='bbox 241 2537 341 2601; x_wconf 76' lang='lat' dir='ltr'>vestigio</span> <span class='ocrx_word' id='word_1_296' title='bbox 352 2539 491 2601; x_wconf 86' lang='lat' dir='ltr'>petiturum.</span> <span class='ocrx_word' id='word_1_297' title='bbox 524 2537 729 2586; x_wconf 82' lang='lat' dir='ltr'>lithotonionsem</span> <span class='ocrx_word' id='word_1_298' title='bbox 736 2551 793 2585; x_wconf 80' lang='lat' dir='ltr'>vero</span> <span class='ocrx_word' id='word_1_299' title='bbox 803 2536 872 2584; x_wconf 80' lang='lat' dir='ltr'>illurn</span> <span class='ocrx_word' id='word_1_300' title='bbox 883 2536 1000 2584; x_wconf 83' lang='lat' dir='ltr'>dimisisse</span> <span class='ocrx_word' id='word_1_301' title='bbox 1013 2537 1133 2586; x_wconf 81' lang='lat' dir='ltr'>lsudsbile</span> <span class='ocrx_word' id='word_1_302' title='bbox 1142 2541 1263 2592; x_wconf 74' lang='lat' dir='ltr'>initieris</span> 
     </span>
     <span class='ocr_line' id='line_1_26' title="bbox 159 2615 1263 2682; baseline 0.006 -16"><span class='ocrx_word' id='word_1_303' title='bbox 159 2625 242 2666; x_wconf 83' lang='lat' dir='ltr'>sutem</span> <span class='ocrx_word' id='word_1_304' title='bbox 254 2617 392 2681; x_wconf 80' lang='lat' dir='ltr'>petitiutsro</span> <span class='ocrx_word' id='word_1_305' title='bbox 403 2617 432 2666; x_wconf 82' lang='lat' dir='ltr'>de</span> <span class='ocrx_word' id='word_1_306' title='bbox 443 2619 509 2666; x_wconf 83' lang='lat' dir='ltr'>illius</span> <span class='ocrx_word' id='word_1_307' title='bbox 518 2619 658 2668; x_wconf 75' lang='lat' dir='ltr'>necessariis</span> <span class='ocrx_word' id='word_1_308' title='bbox 668 2633 738 2682; x_wconf 73' lang='lat' dir='ltr'>quero</span> <span class='ocrx_word' id='word_1_309' title='bbox 750 2618 781 2666; x_wconf 86' lang='lat' dir='ltr'>ds</span> <span class='ocrx_word' id='word_1_310' title='bbox 791 2616 930 2680; x_wconf 81' lang='lat' dir='ltr'>Hegesippo</span> <span class='ocrx_word' id='word_1_311' title='bbox 949 2615 1070 2666; x_wconf 77' lang='lat' dir='ltr'>Aristonis</span> <span class='ocrx_word' id='word_1_312' title='bbox 1089 2620 1147 2668; x_wconf 86' lang='lat' dir='ltr'>lilio.</span> <span class='ocrx_word' id='word_1_313' title='bbox 1163 2637 1219 2671; x_wconf 85' lang='lat' dir='ltr'>nom</span> <span class='ocrx_word' id='word_1_314' title='bbox 1236 2632 1263 2674; x_wconf 87' lang='lat' dir='ltr'>et</span> 
     </span>
     <span class='ocr_line' id='line_1_27' title="bbox 160 2697 1261 2765; baseline 0.007 -20"><span class='ocrx_word' id='word_1_315' title='bbox 160 2697 192 2745; x_wconf 84' lang='lat' dir='ltr'>sd</span> <span class='ocrx_word' id='word_1_316' title='bbox 214 2713 254 2746; x_wconf 85' lang='lat' dir='ltr'>ms</span> <span class='ocrx_word' id='word_1_317' title='bbox 271 2698 395 2763; x_wconf 79' lang='lat' dir='ltr'>scripsisti,</span> <span class='ocrx_word' id='word_1_318' title='bbox 413 2699 434 2746; x_wconf 89' lang='lat' dir='ltr'>si</span> <span class='ocrx_word' id='word_1_319' title='bbox 451 2700 506 2762; x_wconf 88' lang='lat' dir='ltr'>quis</span> <span class='ocrx_word' id='word_1_320' title='bbox 525 2699 580 2748; x_wconf 83' lang='lat' dir='ltr'>huie</span> <span class='ocrx_word' id='word_1_321' title='bbox 591 2701 630 2748; x_wconf 88' lang='lat' dir='ltr'>vel</span> <span class='ocrx_word' id='word_1_322' title='bbox 640 2699 689 2748; x_wconf 89' lang='lat' dir='ltr'>illis</span> <span class='ocrx_word' id='word_1_323' title='bbox 699 2699 808 2765; x_wconf 69' lang='lat' dir='ltr'>injurians</span> <span class='ocrx_word' id='word_1_324' title='bbox 819 2698 877 2748; x_wconf 78' lang='lat' dir='ltr'>velit</span> <span class='ocrx_word' id='word_1_325' title='bbox 887 2699 983 2753; x_wconf 75' lang='lat' dir='ltr'>inferre.</span> <span class='ocrx_word' id='word_1_326' title='bbox 995 2713 1024 2747; x_wconf 87' lang='grc' dir='ltr'>ιι</span> <span class='ocrx_word' id='word_1_327' title='bbox 1034 2707 1060 2747; x_wconf 87' lang='lat' dir='ltr'>tu</span> <span class='ocrx_word' id='word_1_328' title='bbox 1072 2700 1099 2748; x_wconf 93' lang='lat' dir='ltr'>id</span> <span class='ocrx_word' id='word_1_329' title='bbox 1109 2706 1261 2765; x_wconf 81' lang='lat' dir='ltr'>persenseris.</span> 
     </span>
     <span class='ocr_line' id='line_1_28' title="bbox 160 2778 1261 2845; baseline 0.006 -17"><span class='ocrx_word' id='word_1_330' title='bbox 160 2787 185 2828; x_wconf 88' lang='grc' dir='ltr'>ιι</span> <span class='ocrx_word' id='word_1_331' title='bbox 213 2780 310 2830; x_wconf 75' lang='lat' dir='ltr'>minime</span> <span class='ocrx_word' id='word_1_332' title='bbox 339 2779 521 2843; x_wconf 83' lang='lat' dir='ltr'>permissurum.</span> <span class='ocrx_word' id='word_1_333' title='bbox 559 2779 632 2845; x_wconf 79' lang='lat' dir='ltr'>[sto]</span> <span class='ocrx_word' id='word_1_334' title='bbox 669 2778 700 2828; x_wconf 84' lang='lat' dir='ltr'>de</span> <span class='ocrx_word' id='word_1_335' title='bbox 722 2779 842 2844; x_wconf 81' lang='lat' dir='ltr'>Lysiolide</span> <span class='ocrx_word' id='word_1_336' title='bbox 872 2785 988 2844; x_wconf 72' lang='lat' dir='ltr'>peteres</span> <span class='ocrx_word' id='word_1_337' title='bbox 1011 2795 1066 2828; x_wconf 79' lang='lat' dir='ltr'>vrrs</span> <span class='ocrx_word' id='word_1_338' title='bbox 1086 2781 1157 2830; x_wconf 80' lang='lat' dir='ltr'>luter-i</span> <span class='ocrx_word' id='word_1_339' title='bbox 1179 2783 1261 2835; x_wconf 83' lang='lat' dir='ltr'>donet.</span> 
     </span>
    </p>

    <p class='ocr_par' dir='ltr' id='par_1_3' title="bbox 106 2859 1264 3070">
     <span class='ocr_line' id='line_1_29' title="bbox 106 2859 1261 2930; baseline 0.006 -22"><span class='ocrx_word' id='word_1_340' title='bbox 106 2859 110 2870; x_wconf 88' lang='grc'><strong>“</strong></span> <span class='ocrx_word' id='word_1_341' title='bbox 160 2875 249 2924; x_wconf 81' lang='lat' dir='ltr'>nempe</span> <span class='ocrx_word' id='word_1_342' title='bbox 267 2859 331 2908; x_wconf 87' lang='lat' dir='ltr'>solus</span> <span class='ocrx_word' id='word_1_343' title='bbox 348 2861 392 2910; x_wconf 81' lang='lat' dir='ltr'>isto</span> <span class='ocrx_word' id='word_1_344' title='bbox 411 2876 440 2908; x_wconf 82' lang='grc' dir='ltr'>ιι</span> <span class='ocrx_word' id='word_1_345' title='bbox 460 2860 499 2916; x_wconf 86' lang='lat' dir='ltr'>iis,</span> <span class='ocrx_word' id='word_1_346' title='bbox 515 2861 555 2925; x_wconf 90' lang='lat' dir='ltr'>qui</span> <span class='ocrx_word' id='word_1_347' title='bbox 575 2860 657 2910; x_wconf 76' lang='lat' dir='ltr'>Sicilie</span> <span class='ocrx_word' id='word_1_348' title='bbox 675 2861 782 2910; x_wconf 74' lang='lat' dir='ltr'>Athones</span> <span class='ocrx_word' id='word_1_349' title='bbox 801 2860 903 2925; x_wconf 80' lang='lat' dir='ltr'>proiecti</span> <span class='ocrx_word' id='word_1_350' title='bbox 921 2868 984 2916; x_wconf 87' lang='lat' dir='ltr'>suot,</span> <span class='ocrx_word' id='word_1_351' title='bbox 994 2861 1055 2910; x_wconf 89' lang='lat' dir='ltr'>nilril</span> <span class='ocrx_word' id='word_1_352' title='bbox 1067 2862 1092 2910; x_wconf 89' lang='lat' dir='ltr'>in</span> <span class='ocrx_word' id='word_1_353' title='bbox 1104 2871 1144 2911; x_wconf 89' lang='grc' dir='ltr'>ιιι</span> <span class='ocrx_word' id='word_1_354' title='bbox 1159 2879 1261 2930; x_wconf 83' lang='lat' dir='ltr'>mosque</span> 
     </span>
     <span class='ocr_line' id='line_1_30' title="bbox 161 2939 1264 3012; baseline 0.007 -24"><span class='ocrx_word' id='word_1_355' title='bbox 161 2941 336 2990; x_wconf 79' lang='lat' dir='ltr'>consuetudine</span> <span class='ocrx_word' id='word_1_356' title='bbox 359 2941 505 2992; x_wconf 71' lang='lat' dir='ltr'>immutavit:</span> <span class='ocrx_word' id='word_1_357' title='bbox 524 2941 567 2992; x_wconf 81' lang='lat' dir='ltr'>sed</span> <span class='ocrx_word' id='word_1_358' title='bbox 582 2957 636 3006; x_wconf 81' lang='lat' dir='ltr'>quos</span> <span class='ocrx_word' id='word_1_359' title='bbox 653 2942 717 2992; x_wconf 75' lang='lat' dir='ltr'>forts</span> <span class='ocrx_word' id='word_1_360' title='bbox 734 2939 799 2999; x_wconf 75' lang='lat' dir='ltr'>sunt,</span> <span class='ocrx_word' id='word_1_361' title='bbox 820 2940 928 3005; x_wconf 78' lang='lat' dir='ltr'>quotidie</span> <span class='ocrx_word' id='word_1_362' title='bbox 945 2941 1023 2991; x_wconf 78' lang='lat' dir='ltr'>verbis</span> <span class='ocrx_word' id='word_1_363' title='bbox 1035 2945 1180 3007; x_wconf 83' lang='lat' dir='ltr'>pruritibus</span> <span class='ocrx_word' id='word_1_364' title='bbox 1191 2948 1264 3012; x_wconf 73' lang='lat' dir='ltr'>rongi·</span> 
     </span>
     <span class='ocr_line' id='line_1_31' title="bbox 162 3023 283 3070; baseline 0 0"><span class='ocrx_word' id='word_1_365' title='bbox 162 3023 283 3070; x_wconf 74' lang='lat' dir='ltr'>honestet.</span> 
     </span>
    </p>
   </div>
   <div class='ocr_carea' id='block_1_3' title="bbox 679 3377 756 3453">
    <p class='ocr_par' dir='ltr' id='par_1_4' title="bbox 679 3377 756 3453">
     <span class='ocr_line' id='line_1_32' title="bbox 679 3377 756 3453; baseline -0.026 -1"><span class='ocrx_word' id='word_1_366' title='bbox 679 3377 756 3453; x_wconf 90' lang='lat' dir='ltr'>Ill.</span> 
     </span>
    </p>
   </div>
   <div class='ocr_carea' id='block_1_4' title="bbox 564 3578 874 3630">
    <p class='ocr_par' dir='ltr' id='par_1_5' title="bbox 564 3578 874 3630">
     <span class='ocr_line' id='line_1_33' title="bbox 564 3578 874 3630; baseline 0.006 -2"><span class='ocrx_word' id='word_1_367' title='bbox 564 3578 676 3629; x_wconf 72' lang='lat' dir='ltr'>Puero</span> <span class='ocrx_word' id='word_1_368' title='bbox 694 3579 874 3630; x_wconf 85' lang='lat' dir='ltr'>DIONYSIO.</span> 
     </span>
    </p>
   </div>
   <div class='ocr_carea' id='block_1_5' title="bbox 164 3741 1271 4536">
    <p class='ocr_par' dir='ltr' id='par_1_6' title="bbox 164 3741 1271 4536">
     <span class='ocr_line' id='line_1_34' title="bbox 165 3741 1266 3810; baseline -0.003 -18"><span class='ocrx_word' id='word_1_369' title='bbox 165 3742 255 3799; x_wconf 82' lang='lat' dir='ltr'>Porro,</span> <span class='ocrx_word' id='word_1_370' title='bbox 272 3758 304 3790; x_wconf 89' lang='grc' dir='ltr'>ιι</span> <span class='ocrx_word' id='word_1_371' title='bbox 325 3743 413 3792; x_wconf 86' lang='lat' dir='ltr'>rectius</span> <span class='ocrx_word' id='word_1_372' title='bbox 431 3751 533 3808; x_wconf 71' lang='lat' dir='ltr'>ponatur</span> <span class='ocrx_word' id='word_1_373' title='bbox 550 3746 577 3794; x_wconf 89' lang='lat' dir='ltr'>in</span> <span class='ocrx_word' id='word_1_374' title='bbox 595 3745 786 3802; x_wconf 69' lang='lat' dir='ltr'>salutationibus,</span> <span class='ocrx_word' id='word_1_375' title='bbox 802 3744 922 3810; x_wconf 74' lang='lat' dir='ltr'>gnudere:</span> <span class='ocrx_word' id='word_1_376' title='bbox 947 3759 987 3800; x_wconf 86' lang='grc' dir='ltr'>ιι,</span> <span class='ocrx_word' id='word_1_377' title='bbox 1005 3741 1204 3808; x_wconf 82' lang='lat' dir='ltr'>qurmsdnnodum</span> <span class='ocrx_word' id='word_1_378' title='bbox 1221 3757 1266 3805; x_wconf 74' lang='lat' dir='ltr'>ego</span> 
     </span>
     <span class='ocr_line' id='line_1_35' title="bbox 164 3823 1266 3892; baseline 0 -20"><span class='ocrx_word' id='word_1_379' title='bbox 164 3825 251 3872; x_wconf 85' lang='lat' dir='ltr'>solitus</span> <span class='ocrx_word' id='word_1_380' title='bbox 268 3838 320 3872; x_wconf 86' lang='lat' dir='ltr'>suns</span> <span class='ocrx_word' id='word_1_381' title='bbox 335 3824 438 3874; x_wconf 70' lang='lat' dir='ltr'>sofibore</span> <span class='ocrx_word' id='word_1_382' title='bbox 458 3827 489 3874; x_wconf 86' lang='lat' dir='ltr'>nd</span> <span class='ocrx_word' id='word_1_383' title='bbox 501 3827 601 3884; x_wconf 77' lang='lat' dir='ltr'>amieos,</span> <span class='ocrx_word' id='word_1_384' title='bbox 611 3827 674 3875; x_wconf 87' lang='lat' dir='ltr'>bene</span> <span class='ocrx_word' id='word_1_385' title='bbox 685 3843 765 3892; x_wconf 76' lang='lat' dir='ltr'>ogere.</span> <span class='ocrx_word' id='word_1_386' title='bbox 782 3836 809 3876; x_wconf 89' lang='lat' dir='ltr'>tu</span> <span class='ocrx_word' id='word_1_387' title='bbox 820 3825 927 3891; x_wconf 84' lang='lat' dir='ltr'>quidem.</span> <span class='ocrx_word' id='word_1_388' title='bbox 939 3835 965 3872; x_wconf 88' lang='lat' dir='ltr'>ut</span> <span class='ocrx_word' id='word_1_389' title='bbox 975 3825 1041 3873; x_wconf 85' lang='lat' dir='ltr'>siunt</span> <span class='ocrx_word' id='word_1_390' title='bbox 1052 3825 1086 3880; x_wconf 84' lang='lat' dir='ltr'>iri,</span> <span class='ocrx_word' id='word_1_391' title='bbox 1097 3823 1139 3886; x_wconf 91' lang='lat' dir='ltr'>qui</span> <span class='ocrx_word' id='word_1_392' title='bbox 1149 3830 1231 3872; x_wconf 81' lang='lat' dir='ltr'>tecum</span> <span class='ocrx_word' id='word_1_393' title='bbox 1239 3824 1266 3872; x_wconf 88' lang='lat' dir='ltr'>in</span> 
     </span>
     <span class='ocr_line' id='line_1_36' title="bbox 165 3903 1267 3972; baseline -0.001 -20"><span class='ocrx_word' id='word_1_394' title='bbox 165 3903 270 3968; x_wconf 84' lang='lat' dir='ltr'>Delphis</span> <span class='ocrx_word' id='word_1_395' title='bbox 280 3904 407 3962; x_wconf 70' lang='lat' dir='ltr'>affuerunt,</span> <span class='ocrx_word' id='word_1_396' title='bbox 419 3906 452 3954; x_wconf 81' lang='lat' dir='ltr'>itu</span> <span class='ocrx_word' id='word_1_397' title='bbox 464 3906 545 3956; x_wconf 84' lang='lat' dir='ltr'>Deum</span> <span class='ocrx_word' id='word_1_398' title='bbox 556 3908 635 3971; x_wconf 74' lang='lat' dir='ltr'>ipornr</span> <span class='ocrx_word' id='word_1_399' title='bbox 644 3909 731 3956; x_wconf 72' lang='lat' dir='ltr'>blande</span> <span class='ocrx_word' id='word_1_400' title='bbox 740 3908 840 3972; x_wconf 78' lang='lat' dir='ltr'>ulloqui,</span> <span class='ocrx_word' id='word_1_401' title='bbox 849 3924 877 3956; x_wconf 83' lang='lat' dir='ltr'>sc</span> <span class='ocrx_word' id='word_1_402' title='bbox 887 3905 995 3956; x_wconf 81' lang='lat' dir='ltr'>similiter</span> <span class='ocrx_word' id='word_1_403' title='bbox 1004 3905 1106 3954; x_wconf 82' lang='lat' dir='ltr'>scribere</span> <span class='ocrx_word' id='word_1_404' title='bbox 1115 3903 1267 3958; x_wconf 71' lang='lat' dir='ltr'>consuevisti,</span> 
     </span>
     <span class='ocr_line' id='line_1_37' title="bbox 166 3983 1267 4053; baseline -0.002 -19"><span class='ocrx_word' id='word_1_405' title='bbox 166 3983 262 4042; x_wconf 74' lang='lat' dir='ltr'>Gaude,</span> <span class='ocrx_word' id='word_1_406' title='bbox 283 3985 403 4050; x_wconf 79' lang='lat' dir='ltr'>situmque</span> <span class='ocrx_word' id='word_1_407' title='bbox 421 3989 518 4051; x_wconf 76' lang='lat' dir='ltr'>tyranni</span> <span class='ocrx_word' id='word_1_408' title='bbox 534 3989 667 4052; x_wconf 82' lang='lat' dir='ltr'>juoondnor</span> <span class='ocrx_word' id='word_1_409' title='bbox 686 4005 762 4038; x_wconf 84' lang='lat' dir='ltr'>servs.</span> <span class='ocrx_word' id='word_1_410' title='bbox 779 4004 826 4053; x_wconf 75' lang='lat' dir='ltr'>ego</span> <span class='ocrx_word' id='word_1_411' title='bbox 844 3997 923 4036; x_wconf 79' lang='lat' dir='ltr'>eutero</span> <span class='ocrx_word' id='word_1_412' title='bbox 944 4001 1023 4051; x_wconf 84' lang='lat' dir='ltr'>neque</span> <span class='ocrx_word' id='word_1_413' title='bbox 1043 3986 1124 4034; x_wconf 83' lang='lat' dir='ltr'>Deum</span> <span class='ocrx_word' id='word_1_414' title='bbox 1140 3987 1184 4034; x_wconf 83' lang='lat' dir='ltr'>hoe</span> <span class='ocrx_word' id='word_1_415' title='bbox 1195 3986 1267 4034; x_wconf 86' lang='lat' dir='ltr'>ruodo</span> 
     </span>
     <span class='ocr_line' id='line_1_38' title="bbox 164 4067 1266 4134; baseline 0 -20"><span class='ocrx_word' id='word_1_416' title='bbox 164 4081 244 4131; x_wconf 84' lang='lat' dir='ltr'>neque</span> <span class='ocrx_word' id='word_1_417' title='bbox 253 4067 374 4116; x_wconf 84' lang='lat' dir='ltr'>huminem</span> <span class='ocrx_word' id='word_1_418' title='bbox 384 4068 514 4118; x_wconf 76' lang='lat' dir='ltr'>sstuurim.</span> <span class='ocrx_word' id='word_1_419' title='bbox 531 4085 580 4118; x_wconf 90' lang='lat' dir='ltr'>non</span> <span class='ocrx_word' id='word_1_420' title='bbox 597 4069 685 4126; x_wconf 86' lang='lat' dir='ltr'>Deum,</span> <span class='ocrx_word' id='word_1_421' title='bbox 697 4072 752 4134; x_wconf 87' lang='lat' dir='ltr'>quin</span> <span class='ocrx_word' id='word_1_422' title='bbox 763 4080 845 4120; x_wconf 81' lang='lat' dir='ltr'>contro</span> <span class='ocrx_word' id='word_1_423' title='bbox 857 4069 922 4118; x_wconf 91' lang='lat' dir='ltr'>illius</span> <span class='ocrx_word' id='word_1_424' title='bbox 934 4075 1041 4118; x_wconf 83' lang='lat' dir='ltr'>nslursrn</span> <span class='ocrx_word' id='word_1_425' title='bbox 1053 4068 1162 4131; x_wconf 81' lang='lat' dir='ltr'>loquerer</span> <span class='ocrx_word' id='word_1_426' title='bbox 1174 4083 1179 4112; x_wconf 91' lang='lat'><strong>:</strong></span> <span class='ocrx_word' id='word_1_427' title='bbox 1198 4067 1266 4132; x_wconf 82' lang='lat' dir='ltr'>(unm</span> 
     </span>
     <span class='ocr_line' id='line_1_39' title="bbox 165 4147 1267 4216; baseline -0.004 -18"><span class='ocrx_word' id='word_1_428' title='bbox 165 4149 250 4210; x_wconf 79' lang='lat' dir='ltr'>procul</span> <span class='ocrx_word' id='word_1_429' title='bbox 261 4150 395 4198; x_wconf 83' lang='lat' dir='ltr'>srnolrstis</span> <span class='ocrx_word' id='word_1_430' title='bbox 411 4158 436 4196; x_wconf 85' lang='lat' dir='ltr'>et</span> <span class='ocrx_word' id='word_1_431' title='bbox 447 4151 569 4214; x_wconf 71' lang='lat' dir='ltr'>voluptate</span> <span class='ocrx_word' id='word_1_432' title='bbox 584 4151 712 4216; x_wconf 75' lang='lat' dir='ltr'>divinius)</span> <span class='ocrx_word' id='word_1_433' title='bbox 730 4167 777 4200; x_wconf 88' lang='lat' dir='ltr'>non</span> <span class='ocrx_word' id='word_1_434' title='bbox 794 4151 924 4208; x_wconf 80' lang='lat' dir='ltr'>hominem,</span> <span class='ocrx_word' id='word_1_435' title='bbox 936 4149 992 4212; x_wconf 85' lang='lat' dir='ltr'>quin</span> <span class='ocrx_word' id='word_1_436' title='bbox 1003 4148 1090 4212; x_wconf 76' lang='lat' dir='ltr'>sepius</span> <span class='ocrx_word' id='word_1_437' title='bbox 1100 4147 1267 4196; x_wconf 77' lang='lat' dir='ltr'>detrimentum</span> 
     </span>
     <span class='ocr_line' id='line_1_40' title="bbox 165 4229 1268 4300; baseline 0 -24"><span class='ocrx_word' id='word_1_438' title='bbox 165 4236 190 4276; x_wconf 84' lang='lat' dir='ltr'>et</span> <span class='ocrx_word' id='word_1_439' title='bbox 206 4229 314 4278; x_wconf 81' lang='lat' dir='ltr'>dolorem</span> <span class='ocrx_word' id='word_1_440' title='bbox 332 4229 376 4278; x_wconf 86' lang='lat' dir='ltr'>sibi</span> <span class='ocrx_word' id='word_1_441' title='bbox 386 4230 455 4278; x_wconf 79' lang='lat' dir='ltr'>effert</span> <span class='ocrx_word' id='word_1_442' title='bbox 466 4231 585 4296; x_wconf 77' lang='lat' dir='ltr'>voluptss,</span> <span class='ocrx_word' id='word_1_443' title='bbox 597 4233 768 4282; x_wconf 83' lang='lat' dir='ltr'>hebetudinem</span> <span class='ocrx_word' id='word_1_444' title='bbox 777 4233 803 4280; x_wconf 89' lang='lat' dir='ltr'>io</span> <span class='ocrx_word' id='word_1_445' title='bbox 814 4231 894 4280; x_wconf 81' lang='lat' dir='ltr'>suimo</span> <span class='ocrx_word' id='word_1_446' title='bbox 904 4229 1094 4300; x_wconf 21' lang='lat' dir='ltr'>otnoblisiouero</span> <span class='ocrx_word' id='word_1_447' title='bbox 1106 4229 1268 4293; x_wconf 77' lang='lat' dir='ltr'>insipientium</span> 
     </span>
     <span class='ocr_line' id='line_1_41' title="bbox 166 4310 1268 4376; baseline -0.001 -19"><span class='ocrx_word' id='word_1_448' title='bbox 166 4317 192 4356; x_wconf 83' lang='lat' dir='ltr'>et</span> <span class='ocrx_word' id='word_1_449' title='bbox 210 4311 369 4376; x_wconf 73' lang='lat' dir='ltr'>petulentiam</span> <span class='ocrx_word' id='word_1_450' title='bbox 389 4312 489 4374; x_wconf 76' lang='lat' dir='ltr'>pudens.</span> <span class='ocrx_word' id='word_1_451' title='bbox 506 4322 532 4362; x_wconf 71' lang='grc' dir='ltr'>τι</span> <span class='ocrx_word' id='word_1_452' title='bbox 548 4315 580 4362; x_wconf 81' lang='lat' dir='ltr'>de</span> <span class='ocrx_word' id='word_1_453' title='bbox 597 4314 741 4362; x_wconf 79' lang='lat' dir='ltr'>sulutstione</span> <span class='ocrx_word' id='word_1_454' title='bbox 756 4313 853 4376; x_wconf 85' lang='lat' dir='ltr'>quidem</span> <span class='ocrx_word' id='word_1_455' title='bbox 869 4314 921 4360; x_wconf 82' lang='lat' dir='ltr'>lsrec</span> <span class='ocrx_word' id='word_1_456' title='bbox 938 4311 997 4360; x_wconf 83' lang='lat' dir='ltr'>mihi</span> <span class='ocrx_word' id='word_1_457' title='bbox 1007 4310 1073 4360; x_wconf 80' lang='lat' dir='ltr'>diets</span> <span class='ocrx_word' id='word_1_458' title='bbox 1083 4310 1148 4358; x_wconf 84' lang='lat' dir='ltr'>sint:</span> <span class='ocrx_word' id='word_1_459' title='bbox 1166 4323 1219 4373; x_wconf 72' lang='lat' dir='ltr'>qun</span> <span class='ocrx_word' id='word_1_460' title='bbox 1231 4321 1268 4364; x_wconf 85' lang='lat' dir='ltr'>tu.</span> 
     </span>
     <span class='ocr_line' id='line_1_42' title="bbox 166 4389 1267 4458; baseline -0.001 -19"><span class='ocrx_word' id='word_1_461' title='bbox 166 4399 292 4458; x_wconf 82' lang='lat' dir='ltr'>postqusor</span> <span class='ocrx_word' id='word_1_462' title='bbox 310 4392 403 4456; x_wconf 81' lang='lat' dir='ltr'>legeris.</span> <span class='ocrx_word' id='word_1_463' title='bbox 414 4392 484 4441; x_wconf 83' lang='lat' dir='ltr'>sicuti</span> <span class='ocrx_word' id='word_1_464' title='bbox 496 4395 571 4452; x_wconf 80' lang='lat' dir='ltr'>voles,</span> <span class='ocrx_word' id='word_1_465' title='bbox 580 4394 616 4442; x_wconf 79' lang='lat' dir='ltr'>ite</span> <span class='ocrx_word' id='word_1_466' title='bbox 635 4395 724 4458; x_wconf 80' lang='lat' dir='ltr'>copies.</span> <span class='ocrx_word' id='word_1_467' title='bbox 741 4393 821 4442; x_wconf 83' lang='lat' dir='ltr'>lerunt</span> <span class='ocrx_word' id='word_1_468' title='bbox 833 4407 888 4442; x_wconf 82' lang='lat' dir='ltr'>vero</span> <span class='ocrx_word' id='word_1_469' title='bbox 898 4408 948 4441; x_wconf 90' lang='lat' dir='ltr'>non</span> <span class='ocrx_word' id='word_1_470' title='bbox 959 4393 1031 4456; x_wconf 76' lang='lat' dir='ltr'>pauci</span> <span class='ocrx_word' id='word_1_471' title='bbox 1042 4401 1066 4440; x_wconf 90' lang='grc' dir='ltr'>ιι</span> <span class='ocrx_word' id='word_1_472' title='bbox 1077 4390 1157 4439; x_wconf 85' lang='lat' dir='ltr'>dicere</span> <span class='ocrx_word' id='word_1_473' title='bbox 1168 4389 1267 4438; x_wconf 77' lang='lat' dir='ltr'>solitum</span> 
     </span>
     <span class='ocr_line' id='line_1_43' title="bbox 167 4469 1271 4536; baseline -0.003 -16"><span class='ocrx_word' id='word_1_474' title='bbox 167 4471 198 4520; x_wconf 78' lang='lat' dir='ltr'>sd</span> <span class='ocrx_word' id='word_1_475' title='bbox 208 4472 299 4536; x_wconf 77' lang='lat' dir='ltr'>legatos</span> <span class='ocrx_word' id='word_1_476' title='bbox 308 4472 431 4536; x_wconf 84' lang='lat' dir='ltr'>quosdsrn,</span> <span class='ocrx_word' id='word_1_477' title='bbox 444 4471 501 4522; x_wconf 84' lang='lat' dir='ltr'>dum</span> <span class='ocrx_word' id='word_1_478' title='bbox 513 4483 536 4522; x_wconf 85' lang='grc' dir='ltr'>ιι</span> <span class='ocrx_word' id='word_1_479' title='bbox 547 4475 645 4532; x_wconf 72' lang='lat' dir='ltr'>adeunt.</span> <span class='ocrx_word' id='word_1_480' title='bbox 655 4476 682 4524; x_wconf 90' lang='lat' dir='ltr'>in</span> <span class='ocrx_word' id='word_1_481' title='bbox 693 4475 772 4524; x_wconf 83' lang='lat' dir='ltr'>snimo</span> <span class='ocrx_word' id='word_1_482' title='bbox 783 4474 894 4524; x_wconf 71' lang='lat' dir='ltr'>habuisse</span> <span class='ocrx_word' id='word_1_483' title='bbox 911 4473 1009 4522; x_wconf 74' lang='lat' dir='ltr'>timess</span> <span class='ocrx_word' id='word_1_484' title='bbox 1026 4473 1136 4522; x_wconf 81' lang='lat' dir='ltr'>oiritstes</span> <span class='ocrx_word' id='word_1_485' title='bbox 1155 4472 1179 4518; x_wconf 91' lang='lat' dir='ltr'>in</span> <span class='ocrx_word' id='word_1_486' title='bbox 1189 4469 1271 4523; x_wconf 80' lang='lat' dir='ltr'>Sieilis</span> 
     </span>
    </p>
   </div>
   <div class='ocr_carea' id='block_1_6' title="bbox 167 4549 1271 4686">
    <p class='ocr_par' dir='ltr' id='par_1_7' title="bbox 167 4549 1271 4686">
     <span class='ocr_line' id='line_1_44' title="bbox 167 4549 1271 4622; baseline 0.003 -25"><span class='ocrx_word' id='word_1_487' title='bbox 167 4553 291 4602; x_wconf 83' lang='lat' dir='ltr'>restituere</span> <span class='ocrx_word' id='word_1_488' title='bbox 302 4561 328 4601; x_wconf 90' lang='lat' dir='ltr'>et</span> <span class='ocrx_word' id='word_1_489' title='bbox 337 4553 501 4620; x_wconf 71' lang='lat' dir='ltr'>Sprsrusnnos</span> <span class='ocrx_word' id='word_1_490' title='bbox 518 4557 624 4606; x_wconf 80' lang='lat' dir='ltr'>relsrsro</span> <span class='ocrx_word' id='word_1_491' title='bbox 636 4573 664 4606; x_wconf 84' lang='grc' dir='ltr'>ιι</span> <span class='ocrx_word' id='word_1_492' title='bbox 673 4573 716 4622; x_wconf 93' lang='lat' dir='ltr'>pro</span> <span class='ocrx_word' id='word_1_493' title='bbox 727 4556 855 4622; x_wconf 68' lang='lat' dir='ltr'>tyrannide</span> <span class='ocrx_word' id='word_1_494' title='bbox 868 4555 959 4621; x_wconf 75' lang='lat' dir='ltr'>regium</span> <span class='ocrx_word' id='word_1_495' title='bbox 969 4552 1162 4618; x_wconf 70' lang='lat' dir='ltr'>prbemuonero</span> <span class='ocrx_word' id='word_1_496' title='bbox 1174 4549 1223 4599; x_wconf 85' lang='lat' dir='ltr'>illis</span> <span class='ocrx_word' id='word_1_497' title='bbox 1233 4551 1271 4600; x_wconf 80' lang='lat' dir='ltr'>iu·</span> 
     </span>
     <span class='ocr_line' id='line_1_45' title="bbox 234 4630 1204 4686; baseline -0.002 -4"><span class='ocrx_word' id='word_1_498' title='bbox 234 4633 302 4682; x_wconf 79' lang='lat' dir='ltr'>Pur.</span> <span class='ocrx_word' id='word_1_499' title='bbox 317 4634 358 4683; x_wconf 82' lang='lat' dir='ltr'>Tr.</span> <span class='ocrx_word' id='word_1_500' title='bbox 732 4638 760 4686; x_wconf 83' lang='lat'>11</span> <span class='ocrx_word' id='word_1_501' title='bbox 1156 4630 1204 4682; x_wconf 70' lang='grc'>30</span> 
     </span>
    </p>
   </div>
   <div class='ocr_carea' id='block_1_7' title="bbox 0 0 1610 5296">
    <p class='ocr_par' dir='ltr' id='par_1_8' title="bbox 0 0 1610 5296">
     <span class='ocr_line' id='line_1_46' title="bbox 0 0 1610 5296; baseline 0 0"><span class='ocrx_word' id='word_1_502' title='bbox 0 0 1610 5296; x_wconf 95' lang='lat' dir='ltr'> </span> 
     </span>
    </p>
   </div>
  </div>
 </body>
</html>
