<?xml version="1.0" encoding="UTF-8"?>
<!DOCTYPE html PUBLIC "-//W3C//DTD XHTML 1.0 Transitional//EN"
    "http://www.w3.org/TR/xhtml1/DTD/xhtml1-transitional.dtd">
<html xmlns="http://www.w3.org/1999/xhtml" xml:lang="en" lang="en">
 <head>
  <title>
</title>
<meta http-equiv="Content-Type" content="text/html;charset=utf-8" />
  <meta name='ocr-system' content='tesseract 3.04.00' />
  <meta name='ocr-capabilities' content='ocr_page ocr_carea ocr_par ocr_line ocrx_word'/>
</head>
<body>
  <div class='ocr_page' id='page_1' title='image "./platonisetquaev05bekkgoog_0370.png"; bbox 0 0 3148 5298; ppageno 0'>
   <div class='ocr_carea' id='block_1_1' title="bbox 341 511 1429 603">
    <p class='ocr_par' dir='ltr' id='par_1_1' title="bbox 341 511 1429 603">
     <span class='ocr_line' id='line_1_1' title="bbox 341 511 1429 603; baseline 0.006 -27"><span class='ocrx_word' id='word_1_1' title='bbox 341 515 400 576; x_wconf 78' lang='lat' dir='ltr'><strong>esu</strong></span> <span class='ocrx_word' id='word_1_2' title='bbox 775 511 975 576; x_wconf 69' lang='lat' dir='ltr'><strong>retrosus</strong></span> <span class='ocrx_word' id='word_1_3' title='bbox 1354 521 1429 603; x_wconf 70' lang='lat' dir='ltr'><strong>[sss</strong></span> 
     </span>
    </p>
   </div>
   <div class='ocr_carea' id='block_1_2' title="bbox 329 665 1434 2762">
    <p class='ocr_par' dir='ltr' id='par_1_2' title="bbox 329 665 1434 2762">
     <span class='ocr_line' id='line_1_2' title="bbox 338 665 1433 740; baseline 0.008 -24"><span class='ocrx_word' id='word_1_4' title='bbox 338 683 402 734; x_wconf 82' lang='lat' dir='ltr'><strong>meur</strong></span> <span class='ocrx_word' id='word_1_5' title='bbox 419 667 579 732; x_wconf 74' lang='lat' dir='ltr'>optimamque</span> <span class='ocrx_word' id='word_1_6' title='bbox 601 665 760 731; x_wconf 71' lang='lat' dir='ltr'><strong>squuimm</strong></span> <span class='ocrx_word' id='word_1_7' title='bbox 777 683 826 716; x_wconf 88' lang='lat' dir='ltr'><strong>non</strong></span> <span class='ocrx_word' id='word_1_8' title='bbox 842 669 912 718; x_wconf 73' lang='lat' dir='ltr'><strong>facile</strong></span> <span class='ocrx_word' id='word_1_9' title='bbox 931 669 984 732; x_wconf 84' lang='lat' dir='ltr'><strong>quis</strong></span> <span class='ocrx_word' id='word_1_10' title='bbox 1001 667 1136 734; x_wconf 79' lang='lat' dir='ltr'><strong>perspiciet</strong></span> <span class='ocrx_word' id='word_1_11' title='bbox 1167 669 1433 740; x_wconf 79' lang='lat' dir='ltr'><strong>Jovisenlmjudieiem</strong></span> 
     </span>
     <span class='ocr_line' id='line_1_3' title="bbox 336 747 1434 820; baseline 0.005 -22"><span class='ocrx_word' id='word_1_12' title='bbox 336 758 381 806; x_wconf 91' lang='lat' dir='ltr'><strong>est,</strong></span> <span class='ocrx_word' id='word_1_13' title='bbox 392 757 417 800; x_wconf 92' lang='lat' dir='ltr'><strong>et</strong></span> <span class='ocrx_word' id='word_1_14' title='bbox 427 749 560 798; x_wconf 89' lang='lat' dir='ltr'><strong>hominibus</strong></span> <span class='ocrx_word' id='word_1_15' title='bbox 569 747 663 813; x_wconf 86' lang='lat' dir='ltr'><strong>quidem</strong></span> <span class='ocrx_word' id='word_1_16' title='bbox 674 763 751 812; x_wconf 68' lang='lat' dir='ltr'><strong>peon</strong></span> <span class='ocrx_word' id='word_1_17' title='bbox 760 764 853 814; x_wconf 88' lang='lat' dir='ltr'><strong>semper</strong></span> <span class='ocrx_word' id='word_1_18' title='bbox 861 750 994 814; x_wconf 66' lang='lat' dir='ltr'><strong>suggeritur</strong></span> <span class='ocrx_word' id='word_1_19' title='bbox 1005 765 1011 796; x_wconf 79' lang='lat' dir='ltr'><strong>r</strong></span> <span class='ocrx_word' id='word_1_20' title='bbox 1028 759 1144 814; x_wconf 76' lang='lat' dir='ltr'><strong>quatenus</strong></span> <span class='ocrx_word' id='word_1_21' title='bbox 1160 760 1241 804; x_wconf 86' lang='lat' dir='ltr'><strong>eutem</strong></span> <span class='ocrx_word' id='word_1_22' title='bbox 1258 756 1373 820; x_wconf 83' lang='lat' dir='ltr'><strong>suppetit,</strong></span> <span class='ocrx_word' id='word_1_23' title='bbox 1383 765 1434 804; x_wconf 78' lang='lat' dir='ltr'><strong>tm</strong></span> 
     </span>
     <span class='ocr_line' id='line_1_4' title="bbox 337 829 1430 900; baseline 0.006 -22"><span class='ocrx_word' id='word_1_24' title='bbox 337 830 443 896; x_wconf 84' lang='lat' dir='ltr'><strong>privetis,</strong></span> <span class='ocrx_word' id='word_1_25' title='bbox 451 845 524 894; x_wconf 86' lang='lat' dir='ltr'><strong>qoem</strong></span> <span class='ocrx_word' id='word_1_26' title='bbox 533 829 674 884; x_wconf 72' lang='lat' dir='ltr'><strong>mvimubm,</strong></span> <span class='ocrx_word' id='word_1_27' title='bbox 685 831 749 876; x_wconf 86' lang='lat' dir='ltr'><strong>boos</strong></span> <span class='ocrx_word' id='word_1_28' title='bbox 757 830 838 877; x_wconf 88' lang='lat' dir='ltr'><strong>omnie</strong></span> <span class='ocrx_word' id='word_1_29' title='bbox 845 830 932 878; x_wconf 78' lang='lat' dir='ltr'>reddit.</span> <span class='ocrx_word' id='word_1_30' title='bbox 949 831 999 880; x_wconf 80' lang='lat' dir='ltr'><strong>berc</strong></span> <span class='ocrx_word' id='word_1_31' title='bbox 1016 845 1073 880; x_wconf 83' lang='lat' dir='ltr'><strong>sene</strong></span> <span class='ocrx_word' id='word_1_32' title='bbox 1091 834 1172 898; x_wconf 62' lang='lat' dir='ltr'><strong>sunjos-i</strong></span> <span class='ocrx_word' id='word_1_33' title='bbox 1183 836 1261 900; x_wconf 79' lang='lat' dir='ltr'><strong>plum,</strong></span> <span class='ocrx_word' id='word_1_34' title='bbox 1276 836 1362 885; x_wconf 87' lang='lat' dir='ltr'><strong>minori</strong></span> <span class='ocrx_word' id='word_1_35' title='bbox 1370 851 1430 900; x_wconf 81' lang='lat' dir='ltr'><strong>pen·</strong></span> 
     </span>
     <span class='ocr_line' id='line_1_5' title="bbox 337 907 1430 981; baseline 0.005 -21"><span class='ocrx_word' id='word_1_36' title='bbox 337 911 402 961; x_wconf 84' lang='lat' dir='ltr'><strong>eiore</strong></span> <span class='ocrx_word' id='word_1_37' title='bbox 421 909 515 958; x_wconf 78' lang='lat' dir='ltr'>tribuit:</span> <span class='ocrx_word' id='word_1_38' title='bbox 534 909 636 973; x_wconf 84' lang='lat' dir='ltr'><strong>utrisque</strong></span> <span class='ocrx_word' id='word_1_39' title='bbox 655 907 769 958; x_wconf 83' lang='lat' dir='ltr'><strong>videlicet</strong></span> <span class='ocrx_word' id='word_1_40' title='bbox 788 909 919 958; x_wconf 70' lang='lat' dir='ltr'><strong>ncundum</strong></span> <span class='ocrx_word' id='word_1_41' title='bbox 939 925 1019 960; x_wconf 83' lang='lat' dir='ltr'><strong>eorum</strong></span> <span class='ocrx_word' id='word_1_42' title='bbox 1039 921 1146 962; x_wconf 74' lang='lat' dir='ltr'><strong>metm</strong></span> <span class='ocrx_word' id='word_1_43' title='bbox 1168 917 1297 967; x_wconf 78' lang='lat' dir='ltr'><strong>medente.</strong></span> <span class='ocrx_word' id='word_1_44' title='bbox 1321 918 1387 981; x_wconf 84' lang='lat' dir='ltr'><strong>etqui</strong></span> <span class='ocrx_word' id='word_1_45' title='bbox 1404 925 1430 966; x_wconf 92' lang='lat' dir='ltr'><strong>et</strong></span> 
     </span>
     <span class='ocr_line' id='line_1_6' title="bbox 337 990 1430 1061; baseline 0.006 -21"><span class='ocrx_word' id='word_1_46' title='bbox 337 993 439 1040; x_wconf 85' lang='lat' dir='ltr'><strong>honores</strong></span> <span class='ocrx_word' id='word_1_47' title='bbox 454 991 540 1040; x_wconf 81' lang='lat' dir='ltr'><strong>virtute</strong></span> <span class='ocrx_word' id='word_1_48' title='bbox 556 990 681 1056; x_wconf 85' lang='lat' dir='ltr'><strong>mejoribus</strong></span> <span class='ocrx_word' id='word_1_49' title='bbox 696 1005 789 1054; x_wconf 85' lang='lat' dir='ltr'><strong>semper</strong></span> <span class='ocrx_word' id='word_1_50' title='bbox 805 991 922 1056; x_wconf 58' lang='lat' dir='ltr'><strong>majorem</strong></span> <span class='ocrx_word' id='word_1_51' title='bbox 939 992 1067 1042; x_wconf 84' lang='lat' dir='ltr'><strong>minoribus</strong></span> <span class='ocrx_word' id='word_1_52' title='bbox 1082 1001 1160 1044; x_wconf 82' lang='lat' dir='ltr'><strong>eutem</strong></span> <span class='ocrx_word' id='word_1_53' title='bbox 1170 995 1259 1046; x_wconf 83' lang='lat' dir='ltr'><strong>virtute</strong></span> <span class='ocrx_word' id='word_1_54' title='bbox 1269 997 1430 1061; x_wconf 83' lang='lat' dir='ltr'><strong>etdiscipline</strong></span> 
     </span>
     <span class='ocr_line' id='line_1_7' title="bbox 338 1071 1429 1140; baseline 0.005 -20"><span class='ocrx_word' id='word_1_55' title='bbox 338 1073 448 1128; x_wconf 86' lang='lat' dir='ltr'><strong>minores,</strong></span> <span class='ocrx_word' id='word_1_56' title='bbox 457 1078 483 1120; x_wconf 88' lang='lat' dir='ltr'><strong>et</strong></span> <span class='ocrx_word' id='word_1_57' title='bbox 490 1071 594 1136; x_wconf 67' lang='lat' dir='ltr'><strong>utrique</strong></span> <span class='ocrx_word' id='word_1_58' title='bbox 603 1073 735 1120; x_wconf 87' lang='lat' dir='ltr'><strong>secundum</strong></span> <span class='ocrx_word' id='word_1_59' title='bbox 743 1072 867 1128; x_wconf 73' lang='lat' dir='ltr'><strong>rationem,</strong></span> <span class='ocrx_word' id='word_1_60' title='bbox 879 1073 942 1137; x_wconf 90' lang='lat' dir='ltr'><strong>qood</strong></span> <span class='ocrx_word' id='word_1_61' title='bbox 951 1074 1030 1132; x_wconf 87' lang='lat' dir='ltr'><strong>decet,</strong></span> <span class='ocrx_word' id='word_1_62' title='bbox 1040 1075 1154 1140; x_wconf 86' lang='lat' dir='ltr'><strong>impertit.</strong></span> <span class='ocrx_word' id='word_1_63' title='bbox 1171 1091 1201 1126; x_wconf 88' lang='lat' dir='ltr'><strong>ee</strong></span> <span class='ocrx_word' id='word_1_64' title='bbox 1210 1077 1276 1126; x_wconf 87' lang='lat' dir='ltr'><strong>enim</strong></span> <span class='ocrx_word' id='word_1_65' title='bbox 1285 1087 1349 1128; x_wconf 83' lang='lat' dir='ltr'><strong>certe</strong></span> <span class='ocrx_word' id='word_1_66' title='bbox 1358 1079 1429 1127; x_wconf 82' lang='lat' dir='ltr'><strong>nobis</strong></span> 
     </span>
     <span class='ocr_line' id='line_1_8' title="bbox 337 1152 1427 1224; baseline 0.004 -22"><span class='ocrx_word' id='word_1_67' title='bbox 337 1160 374 1202; x_wconf 87' lang='lat' dir='ltr'><strong>est</strong></span> <span class='ocrx_word' id='word_1_68' title='bbox 387 1153 462 1202; x_wconf 88' lang='lat' dir='ltr'><strong>cirilis</strong></span> <span class='ocrx_word' id='word_1_69' title='bbox 473 1152 571 1218; x_wconf 87' lang='lat' dir='ltr'><strong>justitie.</strong></span> <span class='ocrx_word' id='word_1_70' title='bbox 587 1152 649 1202; x_wconf 81' lang='lat' dir='ltr'><strong>benc</strong></span> <span class='ocrx_word' id='word_1_71' title='bbox 667 1169 711 1201; x_wconf 88' lang='lat' dir='ltr'><strong>rros</strong></span> <span class='ocrx_word' id='word_1_72' title='bbox 728 1159 840 1218; x_wconf 76' lang='lat' dir='ltr'><strong>oppetere</strong></span> <span class='ocrx_word' id='word_1_73' title='bbox 859 1153 989 1215; x_wconf 89' lang='lat' dir='ltr'><strong>debemus;</strong></span> <span class='ocrx_word' id='word_1_74' title='bbox 1006 1163 1078 1219; x_wconf 84' lang='lat' dir='ltr'><strong>etque</strong></span> <span class='ocrx_word' id='word_1_75' title='bbox 1094 1155 1127 1204; x_wconf 89' lang='lat' dir='ltr'><strong>ed</strong></span> <span class='ocrx_word' id='word_1_76' title='bbox 1144 1157 1205 1206; x_wconf 81' lang='lat' dir='ltr'><strong>benc</strong></span> <span class='ocrx_word' id='word_1_77' title='bbox 1216 1157 1300 1222; x_wconf 84' lang='lat' dir='ltr'><strong>ipsem,</strong></span> <span class='ocrx_word' id='word_1_78' title='bbox 1310 1174 1325 1207; x_wconf 90' lang='lat' dir='ltr'><strong>o</strong></span> <span class='ocrx_word' id='word_1_79' title='bbox 1336 1157 1427 1224; x_wconf 82' lang='lat' dir='ltr'><strong>Cliuin,</strong></span> 
     </span>
     <span class='ocr_line' id='line_1_9' title="bbox 338 1233 1430 1302; baseline 0.005 -20"><span class='ocrx_word' id='word_1_80' title='bbox 338 1234 495 1298; x_wconf 82' lang='lat' dir='ltr'><strong>esquelituteru</strong></span> <span class='ocrx_word' id='word_1_81' title='bbox 510 1233 635 1297; x_wconf 85' lang='lat' dir='ltr'><strong>respicere,</strong></span> <span class='ocrx_word' id='word_1_82' title='bbox 654 1234 712 1284; x_wconf 90' lang='lat' dir='ltr'><strong>dum</strong></span> <span class='ocrx_word' id='word_1_83' title='bbox 732 1235 793 1284; x_wconf 85' lang='lat' dir='ltr'><strong>hene</strong></span> <span class='ocrx_word' id='word_1_84' title='bbox 810 1250 896 1283; x_wconf 82' lang='lat' dir='ltr'><strong>norum</strong></span> <span class='ocrx_word' id='word_1_85' title='bbox 915 1235 1037 1284; x_wconf 76' lang='lat' dir='ltr'><strong>wodimus</strong></span> <span class='ocrx_word' id='word_1_86' title='bbox 1054 1245 1079 1285; x_wconf 91' lang='lat' dir='ltr'><strong>et</strong></span> <span class='ocrx_word' id='word_1_87' title='bbox 1092 1237 1238 1302; x_wconf 82' lang='lat' dir='ltr'><strong>disponimus</strong></span> <span class='ocrx_word' id='word_1_88' title='bbox 1247 1239 1384 1288; x_wconf 75' lang='lat' dir='ltr'><strong>uirtutem:</strong></span> <span class='ocrx_word' id='word_1_89' title='bbox 1401 1247 1430 1288; x_wconf 91' lang='lat' dir='ltr'><strong>et</strong></span> 
     </span>
     <span class='ocr_line' id='line_1_10' title="bbox 337 1315 1427 1384; baseline 0.006 -22"><span class='ocrx_word' id='word_1_90' title='bbox 337 1315 441 1380; x_wconf 88' lang='lat' dir='ltr'><strong>quisquis</strong></span> <span class='ocrx_word' id='word_1_91' title='bbox 457 1315 527 1364; x_wconf 86' lang='lat' dir='ltr'><strong>eliens</strong></span> <span class='ocrx_word' id='word_1_92' title='bbox 546 1315 655 1372; x_wconf 72' lang='lat' dir='ltr'><strong>instituit,</strong></span> <span class='ocrx_word' id='word_1_93' title='bbox 671 1316 755 1366; x_wconf 86' lang='lat' dir='ltr'><strong>eodem</strong></span> <span class='ocrx_word' id='word_1_94' title='bbox 773 1315 845 1366; x_wconf 90' lang='lat' dir='ltr'><strong>debet</strong></span> <span class='ocrx_word' id='word_1_95' title='bbox 861 1315 886 1365; x_wconf 89' lang='lat' dir='ltr'><strong>in</strong></span> <span class='ocrx_word' id='word_1_96' title='bbox 903 1315 1106 1380; x_wconf 72' lang='lat' dir='ltr'><strong>legibusierendie</strong></span> <span class='ocrx_word' id='word_1_97' title='bbox 1116 1319 1230 1384; x_wconf 85' lang='lat' dir='ltr'><strong>espicere.</strong></span> <span class='ocrx_word' id='word_1_98' title='bbox 1246 1335 1296 1368; x_wconf 86' lang='lat' dir='ltr'><strong>non</strong></span> <span class='ocrx_word' id='word_1_99' title='bbox 1306 1331 1383 1368; x_wconf 83' lang='lat' dir='ltr'><strong>eutem</strong></span> <span class='ocrx_word' id='word_1_100' title='bbox 1394 1322 1427 1368; x_wconf 87' lang='lat' dir='ltr'><strong>ed</strong></span> 
     </span>
     <span class='ocr_line' id='line_1_11' title="bbox 336 1396 1427 1464; baseline 0.004 -20"><span class='ocrx_word' id='word_1_101' title='bbox 336 1409 424 1460; x_wconf 83' lang='lat' dir='ltr'><strong>psucos</strong></span> <span class='ocrx_word' id='word_1_102' title='bbox 439 1405 549 1463; x_wconf 83' lang='lat' dir='ltr'><strong>tyrennos</strong></span> <span class='ocrx_word' id='word_1_103' title='bbox 558 1396 636 1446; x_wconf 80' lang='lat' dir='ltr'><strong>velud</strong></span> <span class='ocrx_word' id='word_1_104' title='bbox 646 1413 716 1446; x_wconf 88' lang='lat' dir='ltr'><strong>unum</strong></span> <span class='ocrx_word' id='word_1_105' title='bbox 728 1398 764 1447; x_wconf 81' lang='lat' dir='ltr'><strong>rel</strong></span> <span class='ocrx_word' id='word_1_106' title='bbox 775 1397 858 1462; x_wconf 83' lang='lat' dir='ltr'><strong>populi</strong></span> <span class='ocrx_word' id='word_1_107' title='bbox 867 1403 1015 1462; x_wconf 87' lang='lat' dir='ltr'><strong>potestetem,</strong></span> <span class='ocrx_word' id='word_1_108' title='bbox 1024 1399 1067 1446; x_wconf 85' lang='lat' dir='ltr'><strong>sed</strong></span> <span class='ocrx_word' id='word_1_109' title='bbox 1078 1398 1110 1448; x_wconf 86' lang='lat' dir='ltr'><strong>ed</strong></span> <span class='ocrx_word' id='word_1_110' title='bbox 1121 1399 1237 1464; x_wconf 82' lang='lat' dir='ltr'><strong>justitiem</strong></span> <span class='ocrx_word' id='word_1_111' title='bbox 1247 1415 1339 1464; x_wconf 88' lang='lat' dir='ltr'><strong>semper</strong></span> <span class='ocrx_word' id='word_1_112' title='bbox 1351 1401 1427 1464; x_wconf 84' lang='lat' dir='ltr'><strong>irrepi-</strong></span> 
     </span>
     <span class='ocr_line' id='line_1_12' title="bbox 336 1475 1425 1546; baseline 0.006 -21"><span class='ocrx_word' id='word_1_113' title='bbox 336 1475 454 1528; x_wconf 89' lang='lat' dir='ltr'><strong>cieudum.</strong></span> <span class='ocrx_word' id='word_1_114' title='bbox 471 1493 501 1526; x_wconf 86' lang='lat' dir='ltr'><strong>es</strong></span> <span class='ocrx_word' id='word_1_115' title='bbox 519 1485 564 1534; x_wconf 85' lang='lat' dir='ltr'><strong>eet,</strong></span> <span class='ocrx_word' id='word_1_116' title='bbox 580 1494 651 1543; x_wconf 88' lang='lat' dir='ltr'><strong>quem</strong></span> <span class='ocrx_word' id='word_1_117' title='bbox 666 1478 737 1528; x_wconf 84' lang='lat' dir='ltr'><strong>modo</strong></span> <span class='ocrx_word' id='word_1_118' title='bbox 752 1480 862 1538; x_wconf 75' lang='lat' dir='ltr'><strong>diximus,</strong></span> <span class='ocrx_word' id='word_1_119' title='bbox 873 1479 968 1544; x_wconf 70' lang='lat' dir='ltr'><strong>equalis</strong></span> <span class='ocrx_word' id='word_1_120' title='bbox 978 1480 1053 1545; x_wconf 86' lang='lat' dir='ltr'><strong>ipsius</strong></span> <span class='ocrx_word' id='word_1_121' title='bbox 1064 1481 1194 1530; x_wconf 64' lang='lat' dir='ltr'><strong>amodum</strong></span> <span class='ocrx_word' id='word_1_122' title='bbox 1203 1490 1308 1530; x_wconf 76' lang='lat' dir='ltr'><strong>ostonem</strong></span> <span class='ocrx_word' id='word_1_123' title='bbox 1318 1483 1425 1546; x_wconf 87' lang='lat' dir='ltr'><strong>qnotidie</strong></span> 
     </span>
     <span class='ocr_line' id='line_1_13' title="bbox 335 1557 1427 1628; baseline 0.005 -22"><span class='ocrx_word' id='word_1_124' title='bbox 335 1557 491 1621; x_wconf 82' lang='lat' dir='ltr'><strong>iurequelibue</strong></span> <span class='ocrx_word' id='word_1_125' title='bbox 508 1558 649 1610; x_wconf 83' lang='lat' dir='ltr'><strong>distributio.</strong></span> <span class='ocrx_word' id='word_1_126' title='bbox 665 1567 826 1610; x_wconf 82' lang='lat' dir='ltr'><strong>ventmtemen</strong></span> <span class='ocrx_word' id='word_1_127' title='bbox 843 1576 941 1611; x_wconf 69' lang='lat' dir='ltr'><strong>noeesee</strong></span> <span class='ocrx_word' id='word_1_128' title='bbox 957 1569 1002 1618; x_wconf 88' lang='lat' dir='ltr'><strong>est,</strong></span> <span class='ocrx_word' id='word_1_129' title='bbox 1025 1569 1052 1610; x_wconf 88' lang='lat' dir='ltr'><strong>ut</strong></span> <span class='ocrx_word' id='word_1_130' title='bbox 1068 1562 1104 1610; x_wconf 88' lang='lat' dir='ltr'><strong>bis</strong></span> <span class='ocrx_word' id='word_1_131' title='bbox 1116 1561 1207 1612; x_wconf 67' lang='lat' dir='ltr'><strong>duabus</strong></span> <span class='ocrx_word' id='word_1_132' title='bbox 1221 1563 1390 1628; x_wconf 72' lang='lat' dir='ltr'><strong>eqoelitstilrus</strong></span> <span class='ocrx_word' id='word_1_133' title='bbox 1399 1563 1427 1611; x_wconf 89' lang='lat' dir='ltr'><strong>in</strong></span> 
     </span>
     <span class='ocr_line' id='line_1_14' title="bbox 336 1637 1427 1708; baseline 0.005 -22"><span class='ocrx_word' id='word_1_134' title='bbox 336 1637 527 1690; x_wconf 68' lang='lat' dir='ltr'><strong>denominatione</strong></span> <span class='ocrx_word' id='word_1_135' title='bbox 544 1641 659 1690; x_wconf 70' lang='lat' dir='ltr'><strong>similibus</strong></span> <span class='ocrx_word' id='word_1_136' title='bbox 673 1642 756 1690; x_wconf 81' lang='lat' dir='ltr'><strong>eivites</strong></span> <span class='ocrx_word' id='word_1_137' title='bbox 766 1641 876 1692; x_wconf 78' lang='lat' dir='ltr'><strong>universe</strong></span> <span class='ocrx_word' id='word_1_138' title='bbox 884 1651 972 1699; x_wconf 80' lang='lat' dir='ltr'><strong>utsbrr,</strong></span> <span class='ocrx_word' id='word_1_139' title='bbox 983 1643 1065 1691; x_wconf 85' lang='lat' dir='ltr'><strong>sitote</strong></span> <span class='ocrx_word' id='word_1_140' title='bbox 1073 1643 1132 1692; x_wconf 81' lang='lat' dir='ltr'><strong>velit</strong></span> <span class='ocrx_word' id='word_1_141' title='bbox 1139 1644 1219 1708; x_wconf 89' lang='lat' dir='ltr'><strong>procul</strong></span> <span class='ocrx_word' id='word_1_142' title='bbox 1230 1645 1261 1692; x_wconf 88' lang='lat' dir='ltr'><strong>sb</strong></span> <span class='ocrx_word' id='word_1_143' title='bbox 1272 1645 1336 1692; x_wconf 86' lang='lat' dir='ltr'><strong>omui</strong></span> <span class='ocrx_word' id='word_1_144' title='bbox 1345 1643 1427 1692; x_wconf 84' lang='lat' dir='ltr'><strong>sediti·</strong></span> 
     </span>
     <span class='ocr_line' id='line_1_15' title="bbox 336 1721 1428 1790; baseline 0.003 -20"><span class='ocrx_word' id='word_1_145' title='bbox 336 1736 383 1770; x_wconf 91' lang='lat' dir='ltr'><strong>one</strong></span> <span class='ocrx_word' id='word_1_146' title='bbox 401 1736 506 1774; x_wconf 82' lang='lat' dir='ltr'><strong>meruere.</strong></span> <span class='ocrx_word' id='word_1_147' title='bbox 521 1721 666 1786; x_wconf 80' lang='lat' dir='ltr'><strong>equsbilites</strong></span> <span class='ocrx_word' id='word_1_148' title='bbox 684 1723 748 1772; x_wconf 88' lang='lat' dir='ltr'><strong>enim</strong></span> <span class='ocrx_word' id='word_1_149' title='bbox 764 1723 806 1772; x_wconf 87' lang='lat' dir='ltr'><strong>ille</strong></span> <span class='ocrx_word' id='word_1_150' title='bbox 825 1723 948 1774; x_wconf 84' lang='lat' dir='ltr'><strong>leudebilis</strong></span> <span class='ocrx_word' id='word_1_151' title='bbox 965 1733 991 1773; x_wconf 90' lang='lat' dir='ltr'><strong>et</strong></span> <span class='ocrx_word' id='word_1_152' title='bbox 1010 1739 1078 1788; x_wconf 74' lang='lat' dir='ltr'><strong>equs</strong></span> <span class='ocrx_word' id='word_1_153' title='bbox 1093 1725 1231 1790; x_wconf 81' lang='lat' dir='ltr'><strong>dijudicetis</strong></span> <span class='ocrx_word' id='word_1_154' title='bbox 1249 1725 1349 1788; x_wconf 79' lang='lat' dir='ltr'><strong>perlecti</strong></span> <span class='ocrx_word' id='word_1_155' title='bbox 1357 1731 1428 1789; x_wconf 79' lang='lat' dir='ltr'><strong>etque</strong></span> 
     </span>
     <span class='ocr_line' id='line_1_16' title="bbox 336 1803 1425 1870; baseline 0.002 -18"><span class='ocrx_word' id='word_1_156' title='bbox 336 1803 423 1860; x_wconf 83' lang='lat' dir='ltr'><strong>execti,</strong></span> <span class='ocrx_word' id='word_1_157' title='bbox 437 1819 490 1852; x_wconf 89' lang='lat' dir='ltr'><strong>cum</strong></span> <span class='ocrx_word' id='word_1_158' title='bbox 507 1811 593 1867; x_wconf 82' lang='lat' dir='ltr'><strong>prester</strong></span> <span class='ocrx_word' id='word_1_159' title='bbox 609 1813 698 1854; x_wconf 78' lang='lat' dir='ltr'><strong>memo</strong></span> <span class='ocrx_word' id='word_1_160' title='bbox 710 1805 825 1869; x_wconf 83' lang='lat' dir='ltr'><strong>judicium</strong></span> <span class='ocrx_word' id='word_1_161' title='bbox 844 1806 879 1863; x_wconf 86' lang='lat' dir='ltr'><strong>fit,</strong></span> <span class='ocrx_word' id='word_1_162' title='bbox 897 1806 999 1855; x_wconf 82' lang='lat' dir='ltr'><strong>violetur</strong></span> <span class='ocrx_word' id='word_1_163' title='bbox 1014 1812 1039 1854; x_wconf 89' lang='lat' dir='ltr'><strong>et</strong></span> <span class='ocrx_word' id='word_1_164' title='bbox 1048 1805 1171 1870; x_wconf 66' lang='lat' dir='ltr'><strong>fingitur.</strong></span> <span class='ocrx_word' id='word_1_165' title='bbox 1182 1807 1284 1870; x_wconf 87' lang='lat' dir='ltr'><strong>ideoque</strong></span> <span class='ocrx_word' id='word_1_166' title='bbox 1292 1806 1425 1870; x_wconf 73' lang='lat' dir='ltr'><strong>equelitste</strong></span> 
     </span>
     <span class='ocr_line' id='line_1_17' title="bbox 335 1883 1425 1951; baseline 0.003 -20"><span class='ocrx_word' id='word_1_167' title='bbox 335 1884 405 1932; x_wconf 89' lang='lat' dir='ltr'><strong>sortis</strong></span> <span class='ocrx_word' id='word_1_168' title='bbox 414 1883 449 1932; x_wconf 90' lang='lat' dir='ltr'><strong>oti</strong></span> <span class='ocrx_word' id='word_1_169' title='bbox 458 1884 529 1932; x_wconf 86' lang='lat' dir='ltr'><strong>etiem</strong></span> <span class='ocrx_word' id='word_1_170' title='bbox 539 1899 635 1934; x_wconf 68' lang='lat' dir='ltr'><strong>neceue</strong></span> <span class='ocrx_word' id='word_1_171' title='bbox 645 1885 725 1936; x_wconf 88' lang='lat' dir='ltr'><strong>ested</strong></span> <span class='ocrx_word' id='word_1_172' title='bbox 736 1886 860 1936; x_wconf 84' lang='lat' dir='ltr'><strong>multorum</strong></span> <span class='ocrx_word' id='word_1_173' title='bbox 869 1886 1057 1951; x_wconf 73' lang='lat' dir='ltr'><strong>indignetionem</strong></span> <span class='ocrx_word' id='word_1_174' title='bbox 1068 1887 1163 1951; x_wconf 77' lang='lat' dir='ltr'><strong>penius</strong></span> <span class='ocrx_word' id='word_1_175' title='bbox 1170 1887 1330 1936; x_wconf 79' lang='lat' dir='ltr'><strong>desitendsm.</strong></span> <span class='ocrx_word' id='word_1_176' title='bbox 1346 1885 1425 1950; x_wconf 85' lang='lat' dir='ltr'><strong>quein</strong></span> 
     </span>
     <span class='ocr_line' id='line_1_18' title="bbox 332 1963 1424 2034; baseline 0.003 -22"><span class='ocrx_word' id='word_1_177' title='bbox 332 1979 359 2012; x_wconf 91' lang='lat' dir='ltr'><strong>re</strong></span> <span class='ocrx_word' id='word_1_178' title='bbox 375 1963 453 2014; x_wconf 90' lang='lat' dir='ltr'><strong>Deum</strong></span> <span class='ocrx_word' id='word_1_179' title='bbox 469 1966 601 2031; x_wconf 84' lang='lat' dir='ltr'><strong>bonemque</strong></span> <span class='ocrx_word' id='word_1_180' title='bbox 616 1967 732 2016; x_wconf 77' lang='lat' dir='ltr'><strong>tortunem</strong></span> <span class='ocrx_word' id='word_1_181' title='bbox 748 1968 856 2032; x_wconf 89' lang='lat' dir='ltr'><strong>precibus</strong></span> <span class='ocrx_word' id='word_1_182' title='bbox 871 1968 980 2018; x_wconf 78' lang='lat' dir='ltr'><strong>invocem</strong></span> <span class='ocrx_word' id='word_1_183' title='bbox 997 1975 1099 2034; x_wconf 87' lang='lat' dir='ltr'><strong>oportet,</strong></span> <span class='ocrx_word' id='word_1_184' title='bbox 1116 1975 1143 2016; x_wconf 88' lang='lat' dir='ltr'><strong>ut</strong></span> <span class='ocrx_word' id='word_1_185' title='bbox 1158 1983 1208 2018; x_wconf 85' lang='lat' dir='ltr'><strong>eure</strong></span> <span class='ocrx_word' id='word_1_186' title='bbox 1223 1967 1256 2016; x_wconf 90' lang='lat' dir='ltr'><strong>ed</strong></span> <span class='ocrx_word' id='word_1_187' title='bbox 1264 1967 1300 2023; x_wconf 87' lang='lat' dir='ltr'><strong>id,</strong></span> <span class='ocrx_word' id='word_1_188' title='bbox 1312 1968 1375 2032; x_wconf 88' lang='lat' dir='ltr'><strong>quod</strong></span> <span class='ocrx_word' id='word_1_189' title='bbox 1386 1975 1424 2015; x_wconf 87' lang='lat' dir='ltr'><strong>eet</strong></span> 
     </span>
     <span class='ocr_line' id='line_1_19' title="bbox 329 2039 1426 2114; baseline 0.002 -20"><span class='ocrx_word' id='word_1_190' title='bbox 329 2044 494 2110; x_wconf 82' lang='lat' dir='ltr'><strong>justissimum,</strong></span> <span class='ocrx_word' id='word_1_191' title='bbox 510 2048 630 2112; x_wconf 82' lang='lat' dir='ltr'><strong>dirigetur.</strong></span> <span class='ocrx_word' id='word_1_192' title='bbox 645 2050 681 2098; x_wconf 87' lang='lat' dir='ltr'><strong>sic</strong></span> <span class='ocrx_word' id='word_1_193' title='bbox 696 2049 767 2113; x_wconf 80' lang='lat' dir='ltr'><strong>igitur</strong></span> <span class='ocrx_word' id='word_1_194' title='bbox 782 2049 1033 2114; x_wconf 60' lang='lat' dir='ltr'><strong>nemausumque</strong></span> <span class='ocrx_word' id='word_1_195' title='bbox 1049 2050 1221 2113; x_wconf 77' lang='lat' dir='ltr'><strong>eqnelitetibns</strong></span> <span class='ocrx_word' id='word_1_196' title='bbox 1243 2051 1278 2097; x_wconf 88' lang='lat' dir='ltr'><strong>nti</strong></span> <span class='ocrx_word' id='word_1_197' title='bbox 1299 2039 1426 2110; x_wconf 65' lang='lat' dir='ltr'><strong>debemus}</strong></span> 
     </span>
     <span class='ocr_line' id='line_1_20' title="bbox 333 2126 1428 2196; baseline 0.002 -22"><span class='ocrx_word' id='word_1_198' title='bbox 333 2126 377 2175; x_wconf 86' lang='lat' dir='ltr'><strong>eod</strong></span> <span class='ocrx_word' id='word_1_199' title='bbox 387 2128 412 2175; x_wconf 89' lang='lat' dir='ltr'><strong>iu</strong></span> <span class='ocrx_word' id='word_1_200' title='bbox 422 2129 492 2176; x_wconf 89' lang='lat' dir='ltr'><strong>rebus</strong></span> <span class='ocrx_word' id='word_1_201' title='bbox 501 2128 627 2178; x_wconf 88' lang='lat' dir='ltr'><strong>edmodum</strong></span> <span class='ocrx_word' id='word_1_202' title='bbox 637 2129 785 2193; x_wconf 68' lang='lat' dir='ltr'><strong>paucissimis</strong></span> <span class='ocrx_word' id='word_1_203' title='bbox 792 2145 822 2178; x_wconf 90' lang='lat' dir='ltr'><strong>ee</strong></span> <span class='ocrx_word' id='word_1_204' title='bbox 830 2131 973 2194; x_wconf 76' lang='lat' dir='ltr'><strong>equalitete,</strong></span> <span class='ocrx_word' id='word_1_205' title='bbox 983 2131 1023 2180; x_wconf 91' lang='lat' dir='ltr'><strong>cui</strong></span> <span class='ocrx_word' id='word_1_206' title='bbox 1042 2131 1136 2180; x_wconf 59' lang='lat' dir='ltr'><strong>mosne</strong></span> <span class='ocrx_word' id='word_1_207' title='bbox 1147 2146 1207 2196; x_wconf 87' lang='lat' dir='ltr'><strong>opus</strong></span> <span class='ocrx_word' id='word_1_208' title='bbox 1222 2139 1266 2178; x_wconf 89' lang='lat' dir='ltr'><strong>est.</strong></span> <span class='ocrx_word' id='word_1_209' title='bbox 1284 2129 1358 2193; x_wconf 78' lang='grc'><strong><em>[158]</em></strong></span> <span class='ocrx_word' id='word_1_210' title='bbox 1375 2129 1428 2176; x_wconf 71' lang='lat' dir='ltr'><strong>bec</strong></span> 
     </span>
     <span class='ocr_line' id='line_1_21' title="bbox 332 2208 1426 2275; baseline 0.001 -18"><span class='ocrx_word' id='word_1_211' title='bbox 332 2209 368 2257; x_wconf 89' lang='lat' dir='ltr'><strong>ite</strong></span> <span class='ocrx_word' id='word_1_212' title='bbox 383 2208 413 2258; x_wconf 90' lang='lat' dir='ltr'><strong>ob</strong></span> <span class='ocrx_word' id='word_1_213' title='bbox 433 2210 495 2258; x_wconf 85' lang='lat' dir='ltr'><strong>benc</strong></span> <span class='ocrx_word' id='word_1_214' title='bbox 513 2225 616 2267; x_wconf 88' lang='lat' dir='ltr'><strong>ceusem,</strong></span> <span class='ocrx_word' id='word_1_215' title='bbox 627 2226 642 2258; x_wconf 94' lang='lat' dir='ltr'><strong>o</strong></span> <span class='ocrx_word' id='word_1_216' title='bbox 660 2211 738 2268; x_wconf 86' lang='lat' dir='ltr'><strong>emici,</strong></span> <span class='ocrx_word' id='word_1_217' title='bbox 747 2226 844 2260; x_wconf 90' lang='lat' dir='ltr'><strong>necesse</strong></span> <span class='ocrx_word' id='word_1_218' title='bbox 854 2212 885 2260; x_wconf 88' lang='lat' dir='ltr'><strong>sb</strong></span> <span class='ocrx_word' id='word_1_219' title='bbox 895 2227 925 2260; x_wconf 87' lang='lat' dir='ltr'><strong>ee</strong></span> <span class='ocrx_word' id='word_1_220' title='bbox 934 2211 1040 2274; x_wconf 82' lang='lat' dir='ltr'><strong>ciritete,</strong></span> <span class='ocrx_word' id='word_1_221' title='bbox 1050 2227 1104 2275; x_wconf 76' lang='lat' dir='ltr'><strong>qne</strong></span> <span class='ocrx_word' id='word_1_222' title='bbox 1114 2213 1210 2260; x_wconf 73' lang='lat' dir='ltr'><strong>niumm</strong></span> <span class='ocrx_word' id='word_1_223' title='bbox 1221 2211 1252 2258; x_wconf 88' lang='lat' dir='ltr'><strong>sit</strong></span> <span class='ocrx_word' id='word_1_224' title='bbox 1261 2219 1426 2266; x_wconf 69' lang='lat' dir='ltr'><strong>connectunt,</strong></span> 
     </span>
     <span class='ocr_line' id='line_1_22' title="bbox 333 2289 1423 2358; baseline -0.001 -20"><span class='ocrx_word' id='word_1_225' title='bbox 333 2289 426 2338; x_wconf 83' lang='lat' dir='ltr'><strong>serssri.</strong></span> <span class='ocrx_word' id='word_1_226' title='bbox 442 2292 640 2354; x_wconf 89' lang='lat' dir='ltr'><strong>quemedmodum</strong></span> <span class='ocrx_word' id='word_1_227' title='bbox 651 2306 706 2340; x_wconf 80' lang='lat' dir='ltr'><strong>vero</strong></span> <span class='ocrx_word' id='word_1_228' title='bbox 714 2291 780 2340; x_wconf 83' lang='lat' dir='ltr'><strong>nevis</strong></span> <span class='ocrx_word' id='word_1_229' title='bbox 789 2292 815 2340; x_wconf 89' lang='lat' dir='ltr'><strong>in</strong></span> <span class='ocrx_word' id='word_1_230' title='bbox 823 2292 903 2340; x_wconf 88' lang='lat' dir='ltr'><strong>medio</strong></span> <span class='ocrx_word' id='word_1_231' title='bbox 911 2293 997 2358; x_wconf 77' lang='lat' dir='ltr'><strong>pelego</strong></span> <span class='ocrx_word' id='word_1_232' title='bbox 1006 2291 1046 2341; x_wconf 91' lang='lat' dir='ltr'><strong>die</strong></span> <span class='ocrx_word' id='word_1_233' title='bbox 1055 2301 1167 2356; x_wconf 85' lang='lat' dir='ltr'><strong>nocteque</strong></span> <span class='ocrx_word' id='word_1_234' title='bbox 1173 2291 1309 2339; x_wconf 76' lang='lat' dir='ltr'><strong>mstodibns</strong></span> <span class='ocrx_word' id='word_1_235' title='bbox 1316 2290 1423 2354; x_wconf 74' lang='lat' dir='ltr'><strong>indiget:</strong></span> 
     </span>
     <span class='ocr_line' id='line_1_23' title="bbox 335 2369 1427 2436; baseline 0.003 -19"><span class='ocrx_word' id='word_1_236' title='bbox 335 2370 369 2418; x_wconf 83' lang='lat' dir='ltr'><strong>ite</strong></span> <span class='ocrx_word' id='word_1_237' title='bbox 385 2386 479 2436; x_wconf 89' lang='lat' dir='ltr'><strong>quoque</strong></span> <span class='ocrx_word' id='word_1_238' title='bbox 488 2371 580 2428; x_wconf 80' lang='lat' dir='ltr'><strong>civitss,</strong></span> <span class='ocrx_word' id='word_1_239' title='bbox 590 2372 617 2420; x_wconf 91' lang='lat' dir='ltr'><strong>in</strong></span> <span class='ocrx_word' id='word_1_240' title='bbox 627 2372 707 2422; x_wconf 88' lang='lat' dir='ltr'><strong>medio</strong></span> <span class='ocrx_word' id='word_1_241' title='bbox 717 2373 812 2420; x_wconf 72' lang='lat' dir='ltr'><strong>dierum</strong></span> <span class='ocrx_word' id='word_1_242' title='bbox 825 2373 946 2421; x_wconf 74' lang='lat' dir='ltr'><strong>civitatum</strong></span> <span class='ocrx_word' id='word_1_243' title='bbox 956 2374 1030 2422; x_wconf 80' lang='lat' dir='ltr'><strong>fluctu</strong></span> <span class='ocrx_word' id='word_1_244' title='bbox 1040 2373 1122 2436; x_wconf 86' lang='lat' dir='ltr'><strong>posite,</strong></span> <span class='ocrx_word' id='word_1_245' title='bbox 1130 2371 1188 2420; x_wconf 79' lang='lat' dir='ltr'><strong>serii</strong></span> <span class='ocrx_word' id='word_1_246' title='bbox 1195 2370 1315 2434; x_wconf 69' lang='lat' dir='ltr'><strong>subjecte</strong></span> <span class='ocrx_word' id='word_1_247' title='bbox 1325 2369 1427 2420; x_wconf 85' lang='lat' dir='ltr'><strong>seditio·</strong></span> 
     </span>
     <span class='ocr_line' id='line_1_24' title="bbox 334 2451 1427 2517; baseline -0.001 -17"><span class='ocrx_word' id='word_1_248' title='bbox 334 2451 402 2500; x_wconf 87' lang='lat' dir='ltr'><strong>uibus</strong></span> <span class='ocrx_word' id='word_1_249' title='bbox 412 2467 440 2500; x_wconf 86' lang='lat' dir='ltr'><strong>ec</strong></span> <span class='ocrx_word' id='word_1_250' title='bbox 448 2467 542 2515; x_wconf 88' lang='lat' dir='ltr'><strong>semper</strong></span> <span class='ocrx_word' id='word_1_251' title='bbox 551 2453 695 2516; x_wconf 75' lang='lat' dir='ltr'><strong>captivitatis</strong></span> <span class='ocrx_word' id='word_1_252' title='bbox 704 2453 810 2516; x_wconf 81' lang='lat' dir='ltr'><strong>periculo</strong></span> <span class='ocrx_word' id='word_1_253' title='bbox 820 2453 933 2515; x_wconf 85' lang='lat' dir='ltr'><strong>proxime,</strong></span> <span class='ocrx_word' id='word_1_254' title='bbox 941 2461 1056 2517; x_wconf 85' lang='lat' dir='ltr'><strong>perpetus</strong></span> <span class='ocrx_word' id='word_1_255' title='bbox 1065 2460 1120 2517; x_wconf 72' lang='lat' dir='ltr'><strong>eget</strong></span> <span class='ocrx_word' id='word_1_256' title='bbox 1128 2451 1243 2501; x_wconf 79' lang='lat' dir='ltr'><strong>custodie.</strong></span> <span class='ocrx_word' id='word_1_257' title='bbox 1258 2459 1386 2515; x_wconf 86' lang='lat' dir='ltr'><strong>propteree</strong></span> <span class='ocrx_word' id='word_1_258' title='bbox 1402 2459 1427 2499; x_wconf 93' lang='lat' dir='ltr'><strong>et</strong></span> 
     </span>
     <span class='ocr_line' id='line_1_25' title="bbox 335 2529 1427 2598; baseline 0 -18"><span class='ocrx_word' id='word_1_259' title='bbox 335 2547 364 2580; x_wconf 82' lang='lat' dir='ltr'><strong>cx</strong></span> <span class='ocrx_word' id='word_1_260' title='bbox 375 2529 414 2579; x_wconf 89' lang='lat' dir='ltr'><strong>die</strong></span> <span class='ocrx_word' id='word_1_261' title='bbox 425 2532 449 2580; x_wconf 90' lang='lat' dir='ltr'><strong>iu</strong></span> <span class='ocrx_word' id='word_1_262' title='bbox 459 2539 552 2580; x_wconf 88' lang='lat' dir='ltr'><strong>noctem</strong></span> <span class='ocrx_word' id='word_1_263' title='bbox 561 2539 623 2580; x_wconf 80' lang='lat' dir='ltr'><strong>etex</strong></span> <span class='ocrx_word' id='word_1_264' title='bbox 632 2541 702 2580; x_wconf 84' lang='lat' dir='ltr'><strong>nocte</strong></span> <span class='ocrx_word' id='word_1_265' title='bbox 712 2533 736 2580; x_wconf 88' lang='lat' dir='ltr'><strong>io</strong></span> <span class='ocrx_word' id='word_1_266' title='bbox 747 2533 812 2582; x_wconf 87' lang='lat' dir='ltr'><strong>diem</strong></span> <span class='ocrx_word' id='word_1_267' title='bbox 819 2533 947 2583; x_wconf 88' lang='lat' dir='ltr'><strong>succedere</strong></span> <span class='ocrx_word' id='word_1_268' title='bbox 954 2535 999 2582; x_wconf 89' lang='lat' dir='ltr'><strong>sibi</strong></span> <span class='ocrx_word' id='word_1_269' title='bbox 1010 2535 1112 2584; x_wconf 82' lang='lat' dir='ltr'><strong>invicem</strong></span> <span class='ocrx_word' id='word_1_270' title='bbox 1123 2534 1272 2598; x_wconf 75' lang='lat' dir='ltr'><strong>megistretns</strong></span> <span class='ocrx_word' id='word_1_271' title='bbox 1282 2541 1308 2580; x_wconf 85' lang='lat' dir='ltr'><strong>et</strong></span> <span class='ocrx_word' id='word_1_272' title='bbox 1316 2531 1427 2582; x_wconf 77' lang='lat' dir='ltr'><strong>custodes</strong></span> 
     </span>
     <span class='ocr_line' id='line_1_26' title="bbox 335 2612 1424 2679; baseline 0.002 -19"><span class='ocrx_word' id='word_1_273' title='bbox 335 2619 436 2676; x_wconf 79' lang='lat' dir='ltr'><strong>oportet,</strong></span> <span class='ocrx_word' id='word_1_274' title='bbox 455 2619 483 2662; x_wconf 90' lang='lat' dir='ltr'><strong>ut</strong></span> <span class='ocrx_word' id='word_1_275' title='bbox 503 2612 646 2662; x_wconf 76' lang='lat' dir='ltr'><strong>medentium</strong></span> <span class='ocrx_word' id='word_1_276' title='bbox 667 2613 892 2679; x_wconf 86' lang='lat' dir='ltr'><strong>suscipientiumque</strong></span> <span class='ocrx_word' id='word_1_277' title='bbox 911 2614 1043 2666; x_wconf 82' lang='lat' dir='ltr'><strong>custodium</strong></span> <span class='ocrx_word' id='word_1_278' title='bbox 1063 2615 1180 2664; x_wconf 84' lang='lat' dir='ltr'><strong>successio</strong></span> <span class='ocrx_word' id='word_1_279' title='bbox 1191 2629 1312 2678; x_wconf 83' lang='lat' dir='ltr'><strong>uunquem</strong></span> <span class='ocrx_word' id='word_1_280' title='bbox 1323 2613 1424 2663; x_wconf 86' lang='lat' dir='ltr'><strong>desinet.</strong></span> 
     </span>
     <span class='ocr_line' id='line_1_27' title="bbox 334 2693 1427 2762; baseline -0.001 -20"><span class='ocrx_word' id='word_1_281' title='bbox 334 2709 431 2758; x_wconf 89' lang='lat' dir='ltr'><strong>quorum</strong></span> <span class='ocrx_word' id='word_1_282' title='bbox 451 2693 509 2742; x_wconf 87' lang='lat' dir='ltr'><strong>oibil</strong></span> <span class='ocrx_word' id='word_1_283' title='bbox 528 2694 655 2744; x_wconf 86' lang='lat' dir='ltr'><strong>multitudo</strong></span> <span class='ocrx_word' id='word_1_284' title='bbox 670 2695 778 2744; x_wconf 89' lang='lat' dir='ltr'><strong>celeriter</strong></span> <span class='ocrx_word' id='word_1_285' title='bbox 796 2697 874 2746; x_wconf 77' lang='lat' dir='ltr'><strong>fecere</strong></span> <span class='ocrx_word' id='word_1_286' title='bbox 887 2705 972 2762; x_wconf 91' lang='lat' dir='ltr'><strong>potest.</strong></span> <span class='ocrx_word' id='word_1_287' title='bbox 983 2704 1021 2747; x_wconf 88' lang='lat' dir='ltr'><strong>est</strong></span> <span class='ocrx_word' id='word_1_288' title='bbox 1031 2705 1111 2746; x_wconf 87' lang='lat' dir='ltr'><strong>eutem</strong></span> <span class='ocrx_word' id='word_1_289' title='bbox 1121 2695 1319 2751; x_wconf 66' lang='lat' dir='ltr'><strong>memmiumut</strong></span> <span class='ocrx_word' id='word_1_290' title='bbox 1327 2694 1427 2758; x_wconf 84' lang='lat' dir='ltr'><strong>plurime</strong></span> 
     </span>
    </p>
   </div>
   <div class='ocr_carea' id='block_1_3' title="bbox 333 2773 1429 3007">
    <p class='ocr_par' dir='ltr' id='par_1_3' title="bbox 333 2773 1429 3007">
     <span class='ocr_line' id='line_1_28' title="bbox 334 2773 1427 2844; baseline 0 -20"><span class='ocrx_word' id='word_1_291' title='bbox 334 2773 428 2824; x_wconf 85' lang='lat' dir='ltr'><strong>consilii</strong></span> <span class='ocrx_word' id='word_1_292' title='bbox 437 2789 491 2838; x_wconf 83' lang='lat' dir='ltr'><strong>pers</strong></span> <span class='ocrx_word' id='word_1_293' title='bbox 498 2776 622 2840; x_wconf 84' lang='lat' dir='ltr'><strong>plurimum</strong></span> <span class='ocrx_word' id='word_1_294' title='bbox 632 2784 725 2841; x_wconf 88' lang='lat' dir='ltr'><strong>tempus</strong></span> <span class='ocrx_word' id='word_1_295' title='bbox 735 2779 882 2842; x_wconf 72' lang='lat' dir='ltr'><strong>permittetur</strong></span> <span class='ocrx_word' id='word_1_296' title='bbox 890 2779 916 2827; x_wconf 93' lang='lat' dir='ltr'><strong>in</strong></span> <span class='ocrx_word' id='word_1_297' title='bbox 926 2779 1068 2844; x_wconf 79' lang='lat' dir='ltr'><strong>priesterum</strong></span> <span class='ocrx_word' id='word_1_298' title='bbox 1078 2791 1218 2843; x_wconf 82' lang='lat' dir='ltr'><strong>merumque</strong></span> <span class='ocrx_word' id='word_1_299' title='bbox 1229 2792 1305 2826; x_wconf 85' lang='lat' dir='ltr'><strong>rernm</strong></span> <span class='ocrx_word' id='word_1_300' title='bbox 1316 2773 1427 2824; x_wconf 88' lang='lat' dir='ltr'><strong>edminis·</strong></span> 
     </span>
     <span class='ocr_line' id='line_1_29' title="bbox 333 2855 1428 2926; baseline 0.001 -22"><span class='ocrx_word' id='word_1_301' title='bbox 333 2855 433 2906; x_wconf 77' lang='lat' dir='ltr'><strong>trusione</strong></span> <span class='ocrx_word' id='word_1_302' title='bbox 442 2857 535 2906; x_wconf 81' lang='lat' dir='ltr'><strong>verseri.</strong></span> <span class='ocrx_word' id='word_1_303' title='bbox 550 2857 692 2908; x_wconf 84' lang='lat' dir='ltr'><strong>duodecime</strong></span> <span class='ocrx_word' id='word_1_304' title='bbox 701 2874 756 2908; x_wconf 87' lang='lat' dir='ltr'><strong>rero</strong></span> <span class='ocrx_word' id='word_1_305' title='bbox 766 2875 820 2924; x_wconf 87' lang='lat' dir='ltr'><strong>pers</strong></span> <span class='ocrx_word' id='word_1_306' title='bbox 829 2861 888 2926; x_wconf 86' lang='lat' dir='ltr'><strong>ejus,</strong></span> <span class='ocrx_word' id='word_1_307' title='bbox 905 2861 932 2908; x_wconf 88' lang='lat' dir='ltr'><strong>io</strong></span> <span class='ocrx_word' id='word_1_308' title='bbox 940 2875 1035 2910; x_wconf 87' lang='lat' dir='ltr'><strong>menses</strong></span> <span class='ocrx_word' id='word_1_309' title='bbox 1045 2859 1170 2910; x_wconf 81' lang='lat' dir='ltr'><strong>duodecim</strong></span> <span class='ocrx_word' id='word_1_310' title='bbox 1181 2857 1346 2906; x_wconf 86' lang='lat' dir='ltr'><strong>distributione</strong></span> <span class='ocrx_word' id='word_1_311' title='bbox 1356 2855 1428 2912; x_wconf 77' lang='lat' dir='ltr'><strong>ism,</strong></span> 
     </span>
     <span class='ocr_line' id='line_1_30' title="bbox 334 2937 1429 3007; baseline 0.001 -22"><span class='ocrx_word' id='word_1_312' title='bbox 334 2937 382 2986; x_wconf 88' lang='lat' dir='ltr'><strong>elis</strong></span> <span class='ocrx_word' id='word_1_313' title='bbox 401 2945 454 3002; x_wconf 90' lang='lat' dir='ltr'><strong>post</strong></span> <span class='ocrx_word' id='word_1_314' title='bbox 469 2938 540 2988; x_wconf 74' lang='lat' dir='ltr'><strong>aliem</strong></span> <span class='ocrx_word' id='word_1_315' title='bbox 557 2940 677 3004; x_wconf 70' lang='lat' dir='ltr'><strong>sigillatim</strong></span> <span class='ocrx_word' id='word_1_316' title='bbox 694 2942 813 2990; x_wconf 89' lang='lat' dir='ltr'><strong>custodiet</strong></span> <span class='ocrx_word' id='word_1_317' title='bbox 824 2959 830 2988; x_wconf 85' lang='lat' dir='ltr'><strong>r</strong></span> <span class='ocrx_word' id='word_1_318' title='bbox 847 2957 900 3007; x_wconf 79' lang='lat' dir='ltr'><strong>que</strong></span> <span class='ocrx_word' id='word_1_319' title='bbox 922 2941 1059 3006; x_wconf 85' lang='lat' dir='ltr'><strong>unicuique,</strong></span> <span class='ocrx_word' id='word_1_320' title='bbox 1077 2941 1127 2990; x_wconf 83' lang='lat' dir='ltr'><strong>sire</strong></span> <span class='ocrx_word' id='word_1_321' title='bbox 1144 2955 1158 2988; x_wconf 88' lang='lat' dir='ltr'><strong>e</strong></span> <span class='ocrx_word' id='word_1_322' title='bbox 1175 2939 1270 2988; x_wconf 79' lang='lat' dir='ltr'><strong>ciritete</strong></span> <span class='ocrx_word' id='word_1_323' title='bbox 1282 2940 1333 3002; x_wconf 87' lang='lat' dir='ltr'><strong>ipss</strong></span> <span class='ocrx_word' id='word_1_324' title='bbox 1344 2939 1393 2986; x_wconf 85' lang='lat' dir='ltr'><strong>sive</strong></span> <span class='ocrx_word' id='word_1_325' title='bbox 1401 2953 1429 2986; x_wconf 86' lang='lat' dir='ltr'><strong>e·</strong></span> 
     </span>
    </p>
   </div>
   <div class='ocr_carea' id='block_1_4' title="bbox 329 3018 1428 4636">
    <p class='ocr_par' dir='ltr' id='par_1_4' title="bbox 329 3018 1428 4636">
     <span class='ocr_line' id='line_1_31' title="bbox 334 3018 1426 3089; baseline -0.002 -22"><span class='ocrx_word' id='word_1_326' title='bbox 334 3018 415 3068; x_wconf 89' lang='lat' dir='ltr'><strong>liuode</strong></span> <span class='ocrx_word' id='word_1_327' title='bbox 429 3020 540 3078; x_wconf 81' lang='lat' dir='ltr'><strong>reniemi,</strong></span> <span class='ocrx_word' id='word_1_328' title='bbox 551 3029 632 3085; x_wconf 84' lang='lat' dir='ltr'><strong>perets</strong></span> <span class='ocrx_word' id='word_1_329' title='bbox 641 3023 680 3082; x_wconf 84' lang='lat' dir='ltr'><strong>sit,</strong></span> <span class='ocrx_word' id='word_1_330' title='bbox 690 3039 733 3072; x_wconf 93' lang='lat' dir='ltr'><strong>seu</strong></span> <span class='ocrx_word' id='word_1_331' title='bbox 744 3023 852 3074; x_wconf 74' lang='lat' dir='ltr'><strong>munnere</strong></span> <span class='ocrx_word' id='word_1_332' title='bbox 860 3024 985 3089; x_wconf 77' lang='lat' dir='ltr'><strong>quicquum</strong></span> <span class='ocrx_word' id='word_1_333' title='bbox 996 3039 1039 3072; x_wconf 90' lang='lat' dir='ltr'><strong>seu</strong></span> <span class='ocrx_word' id='word_1_334' title='bbox 1049 3024 1192 3086; x_wconf 66' lang='lat' dir='ltr'><strong>interrepere</strong></span> <span class='ocrx_word' id='word_1_335' title='bbox 1202 3021 1318 3086; x_wconf 76' lang='lat' dir='ltr'><strong>quispim</strong></span> <span class='ocrx_word' id='word_1_336' title='bbox 1329 3019 1386 3068; x_wconf 78' lang='lat' dir='ltr'><strong>velit</strong></span> <span class='ocrx_word' id='word_1_337' title='bbox 1395 3019 1426 3066; x_wconf 87' lang='lat' dir='ltr'><strong>de</strong></span> 
     </span>
     <span class='ocr_line' id='line_1_32' title="bbox 334 3100 1425 3172; baseline -0.013 -10"><span class='ocrx_word' id='word_1_338' title='bbox 334 3100 372 3148; x_wconf 60' lang='grc' dir='ltr'><strong>Η·</strong></span> <span class='ocrx_word' id='word_1_339' title='bbox 388 3101 465 3160; x_wconf 60' lang='lat' dir='ltr'><strong>”butu</strong></span> <span class='ocrx_word' id='word_1_340' title='bbox 483 3100 514 3150; x_wconf 74' lang='lat' dir='ltr'><strong>dt</strong></span> <span class='ocrx_word' id='word_1_341' title='bbox 525 3103 609 3168; x_wconf 89' lang='lat' dir='ltr'><strong>quibos</strong></span> <span class='ocrx_word' id='word_1_342' title='bbox 619 3104 739 3154; x_wconf 71' lang='lat' dir='ltr'><strong>civitatem</strong></span> <span class='ocrx_word' id='word_1_343' title='bbox 748 3114 858 3172; x_wconf 79' lang='lat' dir='ltr'><strong>oportent</strong></span> <span class='ocrx_word' id='word_1_344' title='bbox 867 3107 904 3156; x_wconf 86' lang='lat' dir='ltr'><strong>sel</strong></span> <span class='ocrx_word' id='word_1_345' title='bbox 915 3106 1057 3171; x_wconf 90' lang='lat' dir='ltr'><strong>respondere</strong></span> <span class='ocrx_word' id='word_1_346' title='bbox 1067 3105 1151 3154; x_wconf 87' lang='lat' dir='ltr'><strong>ceteris</strong></span> <span class='ocrx_word' id='word_1_347' title='bbox 1158 3103 1290 3152; x_wconf 82' lang='lat' dir='ltr'><strong>eisitetibus</strong></span> <span class='ocrx_word' id='word_1_348' title='bbox 1299 3101 1337 3148; x_wconf 80' lang='lat' dir='ltr'><strong>vel</strong></span> <span class='ocrx_word' id='word_1_349' title='bbox 1348 3101 1378 3148; x_wconf 87' lang='lat' dir='ltr'><strong>eb</strong></span> <span class='ocrx_word' id='word_1_350' title='bbox 1388 3100 1425 3148; x_wconf 89' lang='lat' dir='ltr'><strong>eis</strong></span> 
     </span>
     <span class='ocr_line' id='line_1_33' title="bbox 331 3181 1425 3252; baseline -0.001 -22"><span class='ocrx_word' id='word_1_351' title='bbox 331 3181 537 3246; x_wconf 78' lang='lat' dir='ltr'><strong>interspgstiooum</strong></span> <span class='ocrx_word' id='word_1_352' title='bbox 552 3186 716 3250; x_wconf 80' lang='lat' dir='ltr'><strong>responsiones</strong></span> <span class='ocrx_word' id='word_1_353' title='bbox 725 3187 842 3252; x_wconf 77' lang='lat' dir='ltr'><strong>occipere.</strong></span> <span class='ocrx_word' id='word_1_354' title='bbox 851 3203 963 3237; x_wconf 74' lang='lat' dir='ltr'><strong>noverum</strong></span> <span class='ocrx_word' id='word_1_355' title='bbox 974 3187 1046 3237; x_wconf 82' lang='lat' dir='ltr'><strong>etiem</strong></span> <span class='ocrx_word' id='word_1_356' title='bbox 1056 3186 1127 3250; x_wconf 75' lang='lat' dir='ltr'><strong>gretie</strong></span> <span class='ocrx_word' id='word_1_357' title='bbox 1140 3185 1352 3246; x_wconf 68' lang='lat' dir='ltr'><strong>molitionumque</strong></span> <span class='ocrx_word' id='word_1_358' title='bbox 1360 3193 1425 3244; x_wconf 72' lang='lat' dir='ltr'><strong>sepe</strong></span> 
     </span>
     <span class='ocr_line' id='line_1_34' title="bbox 334 3261 1425 3333; baseline -0.004 -21"><span class='ocrx_word' id='word_1_359' title='bbox 334 3263 383 3313; x_wconf 84' lang='lat' dir='ltr'><strong>lieri</strong></span> <span class='ocrx_word' id='word_1_360' title='bbox 400 3263 486 3322; x_wconf 85' lang='lat' dir='ltr'><strong>solent,</strong></span> <span class='ocrx_word' id='word_1_361' title='bbox 503 3267 602 3316; x_wconf 81' lang='lat' dir='ltr'><strong>menime</strong></span> <span class='ocrx_word' id='word_1_362' title='bbox 618 3268 713 3333; x_wconf 88' lang='lat' dir='ltr'><strong>quidem</strong></span> <span class='ocrx_word' id='word_1_363' title='bbox 731 3285 763 3318; x_wconf 90' lang='lat' dir='ltr'><strong>ue</strong></span> <span class='ocrx_word' id='word_1_364' title='bbox 783 3270 849 3326; x_wconf 84' lang='lat' dir='ltr'><strong>fient,</strong></span> <span class='ocrx_word' id='word_1_365' title='bbox 863 3285 900 3326; x_wconf 88' lang='lat' dir='ltr'><strong>ec,</strong></span> <span class='ocrx_word' id='word_1_366' title='bbox 911 3269 932 3318; x_wconf 90' lang='lat' dir='ltr'><strong>si</strong></span> <span class='ocrx_word' id='word_1_367' title='bbox 942 3268 1079 3323; x_wconf 71' lang='lat' dir='ltr'><strong>acciderint,</strong></span> <span class='ocrx_word' id='word_1_368' title='bbox 1091 3275 1118 3316; x_wconf 92' lang='lat' dir='ltr'><strong>ut</strong></span> <span class='ocrx_word' id='word_1_369' title='bbox 1127 3281 1198 3330; x_wconf 86' lang='lat' dir='ltr'><strong>quem</strong></span> <span class='ocrx_word' id='word_1_370' title='bbox 1209 3265 1329 3314; x_wconf 87' lang='lat' dir='ltr'><strong>celerrime</strong></span> <span class='ocrx_word' id='word_1_371' title='bbox 1340 3261 1425 3310; x_wconf 79' lang='lat' dir='ltr'><strong>sentiet</strong></span> 
     </span>
     <span class='ocr_line' id='line_1_35' title="bbox 332 3345 1424 3414; baseline -0.002 -21"><span class='ocrx_word' id='word_1_372' title='bbox 332 3345 415 3397; x_wconf 81' lang='lat' dir='ltr'><strong>civitss</strong></span> <span class='ocrx_word' id='word_1_373' title='bbox 428 3353 453 3394; x_wconf 89' lang='lat' dir='ltr'><strong>et</strong></span> <span class='ocrx_word' id='word_1_374' title='bbox 473 3347 599 3396; x_wconf 85' lang='lat' dir='ltr'><strong>remedium</strong></span> <span class='ocrx_word' id='word_1_375' title='bbox 621 3349 719 3398; x_wconf 78' lang='lat' dir='ltr'><strong>efferet:</strong></span> <span class='ocrx_word' id='word_1_376' title='bbox 736 3351 801 3414; x_wconf 92' lang='lat' dir='ltr'><strong>quod</strong></span> <span class='ocrx_word' id='word_1_377' title='bbox 817 3366 860 3414; x_wconf 89' lang='lat' dir='ltr'><strong>per</strong></span> <span class='ocrx_word' id='word_1_378' title='bbox 874 3361 961 3398; x_wconf 80' lang='lat' dir='ltr'><strong>eretum</strong></span> <span class='ocrx_word' id='word_1_379' title='bbox 977 3349 1069 3398; x_wconf 83' lang='lat' dir='ltr'><strong>ciriteti</strong></span> <span class='ocrx_word' id='word_1_380' title='bbox 1085 3347 1263 3412; x_wconf 66' lang='lat' dir='ltr'><strong>presidentium</strong></span> <span class='ocrx_word' id='word_1_381' title='bbox 1273 3345 1324 3394; x_wconf 79' lang='lat' dir='ltr'><strong>fieri</strong></span> <span class='ocrx_word' id='word_1_382' title='bbox 1334 3357 1424 3406; x_wconf 85' lang='lat' dir='ltr'><strong>semper</strong></span> 
     </span>
     <span class='ocr_line' id='line_1_36' title="bbox 333 3425 1427 3494; baseline -0.005 -20"><span class='ocrx_word' id='word_1_383' title='bbox 333 3433 434 3492; x_wconf 85' lang='lat' dir='ltr'><strong>oportet,</strong></span> <span class='ocrx_word' id='word_1_384' title='bbox 445 3434 504 3477; x_wconf 91' lang='lat' dir='ltr'><strong>utet</strong></span> <span class='ocrx_word' id='word_1_385' title='bbox 513 3444 566 3492; x_wconf 86' lang='lat' dir='ltr'><strong>quse</strong></span> <span class='ocrx_word' id='word_1_386' title='bbox 574 3430 665 3494; x_wconf 78' lang='lat' dir='ltr'><strong>legibus</strong></span> <span class='ocrx_word' id='word_1_387' title='bbox 674 3439 699 3478; x_wconf 84' lang='lat' dir='ltr'><strong>et</strong></span> <span class='ocrx_word' id='word_1_388' title='bbox 707 3447 760 3494; x_wconf 82' lang='lat' dir='ltr'><strong>ques</strong></span> <span class='ocrx_word' id='word_1_389' title='bbox 768 3439 866 3494; x_wconf 86' lang='lat' dir='ltr'><strong>repente</strong></span> <span class='ocrx_word' id='word_1_390' title='bbox 874 3430 964 3480; x_wconf 85' lang='lat' dir='ltr'><strong>ciriteti</strong></span> <span class='ocrx_word' id='word_1_391' title='bbox 971 3429 1122 3478; x_wconf 82' lang='lat' dir='ltr'><strong>difficultetes</strong></span> <span class='ocrx_word' id='word_1_392' title='bbox 1130 3427 1254 3486; x_wconf 83' lang='lat' dir='ltr'><strong>ecoedunt,</strong></span> <span class='ocrx_word' id='word_1_393' title='bbox 1263 3425 1427 3474; x_wconf 79' lang='lat' dir='ltr'><strong>dissolventur.</strong></span> 
     </span>
     <span class='ocr_line' id='line_1_37' title="bbox 333 3505 1426 3574; baseline -0.005 -18"><span class='ocrx_word' id='word_1_394' title='bbox 333 3509 384 3558; x_wconf 70' lang='lat' dir='ltr'><strong>bec</strong></span> <span class='ocrx_word' id='word_1_395' title='bbox 401 3509 481 3557; x_wconf 82' lang='lat' dir='ltr'><strong>omnic</strong></span> <span class='ocrx_word' id='word_1_396' title='bbox 495 3517 561 3559; x_wconf 86' lang='lat' dir='ltr'><strong>curet</strong></span> <span class='ocrx_word' id='word_1_397' title='bbox 576 3509 716 3560; x_wconf 87' lang='lat' dir='ltr'><strong>duodecime</strong></span> <span class='ocrx_word' id='word_1_398' title='bbox 732 3511 825 3560; x_wconf 83' lang='lat' dir='ltr'><strong>consilii</strong></span> <span class='ocrx_word' id='word_1_399' title='bbox 845 3526 908 3574; x_wconf 83' lang='lat' dir='ltr'><strong>pere,</strong></span> <span class='ocrx_word' id='word_1_400' title='bbox 924 3510 1028 3574; x_wconf 88' lang='lat' dir='ltr'><strong>quietem</strong></span> <span class='ocrx_word' id='word_1_401' title='bbox 1039 3509 1065 3558; x_wconf 89' lang='lat' dir='ltr'><strong>in</strong></span> <span class='ocrx_word' id='word_1_402' title='bbox 1083 3523 1176 3556; x_wconf 85' lang='lat' dir='ltr'><strong>meuses</strong></span> <span class='ocrx_word' id='word_1_403' title='bbox 1186 3507 1296 3555; x_wconf 86' lang='lat' dir='ltr'><strong>undecim</strong></span> <span class='ocrx_word' id='word_1_404' title='bbox 1310 3505 1426 3552; x_wconf 72' lang='lat' dir='ltr'><strong>debitore.</strong></span> 
     </span>
     <span class='ocr_line' id='line_1_38' title="bbox 333 3585 1423 3654; baseline -0.006 -16"><span class='ocrx_word' id='word_1_405' title='bbox 333 3605 401 3654; x_wconf 89' lang='lat' dir='ltr'><strong>quem</strong></span> <span class='ocrx_word' id='word_1_406' title='bbox 411 3589 505 3654; x_wconf 87' lang='lat' dir='ltr'><strong>quidem</strong></span> <span class='ocrx_word' id='word_1_407' title='bbox 517 3589 649 3638; x_wconf 77' lang='lat' dir='ltr'><strong>custodium</strong></span> <span class='ocrx_word' id='word_1_408' title='bbox 659 3592 710 3640; x_wconf 84' lang='lat' dir='ltr'><strong>luere</strong></span> <span class='ocrx_word' id='word_1_409' title='bbox 721 3591 814 3640; x_wconf 87' lang='lat' dir='ltr'><strong>consilii</strong></span> <span class='ocrx_word' id='word_1_410' title='bbox 830 3605 884 3654; x_wconf 90' lang='lat' dir='ltr'><strong>pers</strong></span> <span class='ocrx_word' id='word_1_411' title='bbox 902 3591 1057 3640; x_wconf 86' lang='lat' dir='ltr'><strong>communiter</strong></span> <span class='ocrx_word' id='word_1_412' title='bbox 1074 3605 1127 3638; x_wconf 90' lang='lat' dir='ltr'><strong>cum</strong></span> <span class='ocrx_word' id='word_1_413' title='bbox 1147 3588 1200 3638; x_wconf 84' lang='lat' dir='ltr'><strong>eliis</strong></span> <span class='ocrx_word' id='word_1_414' title='bbox 1215 3585 1423 3651; x_wconf 76' lang='lat' dir='ltr'><strong>megistrstibusin</strong></span> 
     </span>
     <span class='ocr_line' id='line_1_39' title="bbox 332 3667 1425 3737; baseline -0.005 -17"><span class='ocrx_word' id='word_1_415' title='bbox 332 3671 427 3720; x_wconf 72' lang='lat' dir='ltr'><strong>civitate</strong></span> <span class='ocrx_word' id='word_1_416' title='bbox 437 3685 530 3735; x_wconf 85' lang='lat' dir='ltr'><strong>semper</strong></span> <span class='ocrx_word' id='word_1_417' title='bbox 541 3677 596 3734; x_wconf 76' lang='lat' dir='ltr'><strong>eget</strong></span> <span class='ocrx_word' id='word_1_418' title='bbox 604 3677 707 3734; x_wconf 87' lang='lat' dir='ltr'><strong>oportet.</strong></span> <span class='ocrx_word' id='word_1_419' title='bbox 723 3679 795 3737; x_wconf 85' lang='lat' dir='ltr'><strong>etque</strong></span> <span class='ocrx_word' id='word_1_420' title='bbox 804 3671 894 3720; x_wconf 86' lang='lat' dir='ltr'><strong>urbeue</strong></span> <span class='ocrx_word' id='word_1_421' title='bbox 903 3671 999 3736; x_wconf 89' lang='lat' dir='ltr'><strong>quidem</strong></span> <span class='ocrx_word' id='word_1_422' title='bbox 1010 3671 1084 3735; x_wconf 85' lang='lat' dir='ltr'><strong>probe</strong></span> <span class='ocrx_word' id='word_1_423' title='bbox 1095 3671 1140 3719; x_wconf 89' lang='lat' dir='ltr'><strong>boc</strong></span> <span class='ocrx_word' id='word_1_424' title='bbox 1150 3677 1221 3734; x_wconf 83' lang='lat' dir='ltr'><strong>puoto</strong></span> <span class='ocrx_word' id='word_1_425' title='bbox 1230 3667 1336 3716; x_wconf 62' lang='lat' dir='ltr'><strong>minere</strong></span> <span class='ocrx_word' id='word_1_426' title='bbox 1345 3673 1425 3715; x_wconf 82' lang='lat' dir='ltr'><strong>erunt.</strong></span> 
     </span>
     <span class='ocr_line' id='line_1_40' title="bbox 331 3745 1427 3818; baseline -0.007 -16"><span class='ocrx_word' id='word_1_427' title='bbox 331 3754 404 3804; x_wconf 88' lang='lat' dir='ltr'><strong>totius</strong></span> <span class='ocrx_word' id='word_1_428' title='bbox 424 3760 502 3802; x_wconf 86' lang='lat' dir='ltr'><strong>eutem</strong></span> <span class='ocrx_word' id='word_1_429' title='bbox 521 3753 617 3816; x_wconf 75' lang='lat' dir='ltr'><strong>reliquie</strong></span> <span class='ocrx_word' id='word_1_430' title='bbox 636 3753 737 3818; x_wconf 72' lang='lat' dir='ltr'><strong>regionis</strong></span> <span class='ocrx_word' id='word_1_431' title='bbox 752 3769 805 3818; x_wconf 86' lang='lat' dir='ltr'><strong>quse</strong></span> <span class='ocrx_word' id='word_1_432' title='bbox 822 3755 896 3805; x_wconf 78' lang='lat' dir='ltr'><strong>oure?</strong></span> <span class='ocrx_word' id='word_1_433' title='bbox 914 3754 966 3818; x_wconf 87' lang='lat' dir='ltr'><strong>quie</strong></span> <span class='ocrx_word' id='word_1_434' title='bbox 980 3751 1059 3802; x_wconf 91' lang='lat' dir='ltr'><strong>ordo?</strong></span> <span class='ocrx_word' id='word_1_435' title='bbox 1077 3767 1107 3800; x_wconf 88' lang='lat' dir='ltr'><strong>err</strong></span> <span class='ocrx_word' id='word_1_436' title='bbox 1118 3766 1173 3800; x_wconf 88' lang='lat' dir='ltr'><strong>com</strong></span> <span class='ocrx_word' id='word_1_437' title='bbox 1183 3750 1363 3800; x_wconf 74' lang='lat' dir='ltr'><strong>cisitestoteet</strong></span> <span class='ocrx_word' id='word_1_438' title='bbox 1373 3745 1427 3794; x_wconf 86' lang='lat' dir='ltr'><strong>nui·</strong></span> 
     </span>
     <span class='ocr_line' id='line_1_41' title="bbox 332 3827 1427 3899; baseline -0.005 -18"><span class='ocrx_word' id='word_1_439' title='bbox 332 3851 398 3884; x_wconf 84' lang='lat' dir='ltr'><strong>verse</strong></span> <span class='ocrx_word' id='word_1_440' title='bbox 405 3835 471 3899; x_wconf 73' lang='lat' dir='ltr'><strong>regio</strong></span> <span class='ocrx_word' id='word_1_441' title='bbox 481 3835 507 3884; x_wconf 90' lang='lat' dir='ltr'><strong>iu</strong></span> <span class='ocrx_word' id='word_1_442' title='bbox 517 3842 596 3899; x_wconf 74' lang='lat' dir='ltr'><strong>portes</strong></span> <span class='ocrx_word' id='word_1_443' title='bbox 603 3833 728 3884; x_wconf 87' lang='lat' dir='ltr'><strong>duodecim</strong></span> <span class='ocrx_word' id='word_1_444' title='bbox 739 3835 770 3882; x_wconf 90' lang='lat' dir='ltr'><strong>sit</strong></span> <span class='ocrx_word' id='word_1_445' title='bbox 779 3834 863 3892; x_wconf 85' lang='lat' dir='ltr'><strong>divise,</strong></span> <span class='ocrx_word' id='word_1_446' title='bbox 881 3834 906 3882; x_wconf 90' lang='lat' dir='ltr'><strong>in</strong></span> <span class='ocrx_word' id='word_1_447' title='bbox 926 3835 1021 3884; x_wconf 73' lang='lat' dir='ltr'><strong>civimte</strong></span> <span class='ocrx_word' id='word_1_448' title='bbox 1040 3832 1136 3898; x_wconf 89' lang='lat' dir='ltr'><strong>quidem</strong></span> <span class='ocrx_word' id='word_1_449' title='bbox 1151 3833 1204 3898; x_wconf 87' lang='lat' dir='ltr'><strong>ipse</strong></span> <span class='ocrx_word' id='word_1_450' title='bbox 1221 3831 1319 3888; x_wconf 76' lang='lat' dir='ltr'><strong>rismum,</strong></span> <span class='ocrx_word' id='word_1_451' title='bbox 1336 3827 1427 3876; x_wconf 80' lang='lat' dir='ltr'><strong>bebite·</strong></span> 
     </span>
     <span class='ocr_line' id='line_1_42' title="bbox 331 3911 1426 3980; baseline -0.007 -16"><span class='ocrx_word' id='word_1_452' title='bbox 331 3915 430 3973; x_wconf 85' lang='lat' dir='ltr'><strong>tionum,</strong></span> <span class='ocrx_word' id='word_1_453' title='bbox 456 3915 646 3974; x_wconf 73' lang='lat' dir='ltr'><strong>edifimuonum,</strong></span> <span class='ocrx_word' id='word_1_454' title='bbox 665 3923 783 3980; x_wconf 88' lang='lat' dir='ltr'><strong>portuum,</strong></span> <span class='ocrx_word' id='word_1_455' title='bbox 801 3915 855 3972; x_wconf 80' lang='lat' dir='ltr'><strong>tori,</strong></span> <span class='ocrx_word' id='word_1_456' title='bbox 878 3915 988 3973; x_wconf 72' lang='lat' dir='ltr'><strong>tondum,</strong></span> <span class='ocrx_word' id='word_1_457' title='bbox 1014 3930 1131 3964; x_wconf 78' lang='lat' dir='ltr'><strong>semorum</strong></span> <span class='ocrx_word' id='word_1_458' title='bbox 1153 3914 1267 3968; x_wconf 84' lang='lat' dir='ltr'><strong>locorum,</strong></span> <span class='ocrx_word' id='word_1_459' title='bbox 1286 3911 1426 3976; x_wconf 84' lang='lat' dir='ltr'><strong>templorum</strong></span> 
     </span>
     <span class='ocr_line' id='line_1_43' title="bbox 332 3991 1425 4060; baseline -0.007 -14"><span class='ocrx_word' id='word_1_460' title='bbox 332 4003 504 4060; x_wconf 83' lang='lat' dir='ltr'><strong>ceterorumque</strong></span> <span class='ocrx_word' id='word_1_461' title='bbox 522 3996 654 4060; x_wconf 87' lang='lat' dir='ltr'><strong>hujusmodi</strong></span> <span class='ocrx_word' id='word_1_462' title='bbox 673 3997 775 4047; x_wconf 85' lang='lat' dir='ltr'><strong>omnium</strong></span> <span class='ocrx_word' id='word_1_463' title='bbox 793 3997 935 4047; x_wconf 81' lang='lat' dir='ltr'><strong>comtiruere</strong></span> <span class='ocrx_word' id='word_1_464' title='bbox 953 3996 1191 4060; x_wconf 81' lang='lat' dir='ltr'><strong>curetorescporteti</strong></span> <span class='ocrx_word' id='word_1_465' title='bbox 1225 3993 1284 4042; x_wconf 82' lang='lat' dir='ltr'><strong>Cur.</strong></span> <span class='ocrx_word' id='word_1_466' title='bbox 1300 3992 1349 4042; x_wconf 89' lang='lat' dir='ltr'><strong>Cur</strong></span> <span class='ocrx_word' id='word_1_467' title='bbox 1361 3991 1425 4038; x_wconf 80' lang='lat' dir='ltr'><strong>oon?</strong></span> 
     </span>
     <span class='ocr_line' id='line_1_44' title="bbox 333 4075 1426 4144; baseline -0.007 -16"><span class='ocrx_word' id='word_1_468' title='bbox 333 4077 407 4142; x_wconf 77' lang='grc'>[759]</span> <span class='ocrx_word' id='word_1_469' title='bbox 435 4077 539 4128; x_wconf 78' lang='lat' dir='ltr'><strong>Arses.</strong></span> <span class='ocrx_word' id='word_1_470' title='bbox 555 4079 669 4128; x_wconf 82' lang='lat' dir='ltr'><strong>Dicemus</strong></span> <span class='ocrx_word' id='word_1_471' title='bbox 686 4080 756 4144; x_wconf 77' lang='lat' dir='ltr'><strong>igitur</strong></span> <span class='ocrx_word' id='word_1_472' title='bbox 775 4080 869 4144; x_wconf 89' lang='lat' dir='ltr'><strong>templis</strong></span> <span class='ocrx_word' id='word_1_473' title='bbox 887 4079 986 4128; x_wconf 80' lang='lat' dir='ltr'><strong>reditnoe</strong></span> <span class='ocrx_word' id='word_1_474' title='bbox 1009 4085 1035 4128; x_wconf 87' lang='lat' dir='ltr'><strong>et</strong></span> <span class='ocrx_word' id='word_1_475' title='bbox 1054 4077 1194 4132; x_wconf 84' lang='lat' dir='ltr'><strong>secerdotes,</strong></span> <span class='ocrx_word' id='word_1_476' title='bbox 1210 4082 1258 4124; x_wconf 84' lang='lat' dir='ltr'><strong>tem</strong></span> <span class='ocrx_word' id='word_1_477' title='bbox 1274 4075 1336 4122; x_wconf 80' lang='lat' dir='ltr'><strong>siros</strong></span> <span class='ocrx_word' id='word_1_478' title='bbox 1357 4087 1426 4136; x_wconf 83' lang='lat' dir='ltr'><strong>qoem</strong></span> 
     </span>
     <span class='ocr_line' id='line_1_45' title="bbox 332 4155 1425 4224; baseline 0.002 -18"><span class='ocrx_word' id='word_1_479' title='bbox 332 4157 450 4214; x_wconf 85' lang='lat' dir='ltr'><strong>mulieres,</strong></span> <span class='ocrx_word' id='word_1_480' title='bbox 462 4159 548 4222; x_wconf 70' lang='lat' dir='ltr'><strong>prefici</strong></span> <span class='ocrx_word' id='word_1_481' title='bbox 558 4169 672 4224; x_wconf 87' lang='lat' dir='ltr'><strong>oportere.</strong></span> <span class='ocrx_word' id='word_1_482' title='bbox 681 4163 710 4210; x_wconf 86' lang='lat' dir='ltr'><strong>ed</strong></span> <span class='ocrx_word' id='word_1_483' title='bbox 724 4162 810 4210; x_wconf 79' lang='lat' dir='ltr'><strong>cirrum</strong></span> <span class='ocrx_word' id='word_1_484' title='bbox 819 4169 896 4210; x_wconf 89' lang='lat' dir='ltr'><strong>eutem</strong></span> <span class='ocrx_word' id='word_1_485' title='bbox 906 4160 1135 4222; x_wconf 71' lang='lat' dir='ltr'><strong>edificetiorrumqoe</strong></span> <span class='ocrx_word' id='word_1_486' title='bbox 1145 4155 1425 4208; x_wconf 72' lang='lat' dir='ltr'><strong>exomenderumeum·</strong></span> 
     </span>
     <span class='ocr_line' id='line_1_46' title="bbox 332 4235 1427 4308; baseline -0.005 -20"><span class='ocrx_word' id='word_1_487' title='bbox 332 4255 363 4288; x_wconf 92' lang='lat' dir='ltr'><strong>ne</strong></span> <span class='ocrx_word' id='word_1_488' title='bbox 380 4247 421 4287; x_wconf 85' lang='lat' dir='ltr'><strong>sot</strong></span> <span class='ocrx_word' id='word_1_489' title='bbox 431 4239 538 4288; x_wconf 85' lang='lat' dir='ltr'><strong>homines</strong></span> <span class='ocrx_word' id='word_1_490' title='bbox 556 4241 703 4306; x_wconf 84' lang='lat' dir='ltr'><strong>injurientur,</strong></span> <span class='ocrx_word' id='word_1_491' title='bbox 718 4251 758 4292; x_wconf 90' lang='lat' dir='ltr'><strong>eut</strong></span> <span class='ocrx_word' id='word_1_492' title='bbox 767 4244 826 4308; x_wconf 74' lang='lat' dir='ltr'><strong>ipse</strong></span> <span class='ocrx_word' id='word_1_493' title='bbox 836 4243 891 4292; x_wconf 81' lang='lat' dir='ltr'><strong>iere</strong></span> <span class='ocrx_word' id='word_1_494' title='bbox 901 4249 1011 4298; x_wconf 74' lang='lat' dir='ltr'><strong>noceant,</strong></span> <span class='ocrx_word' id='word_1_495' title='bbox 1021 4239 1064 4289; x_wconf 91' lang='lat' dir='ltr'><strong>sed</strong></span> <span class='ocrx_word' id='word_1_496' title='bbox 1076 4249 1103 4288; x_wconf 92' lang='lat' dir='ltr'><strong>ut</strong></span> <span class='ocrx_word' id='word_1_497' title='bbox 1112 4248 1162 4288; x_wconf 86' lang='lat' dir='ltr'><strong>tem</strong></span> <span class='ocrx_word' id='word_1_498' title='bbox 1169 4239 1195 4287; x_wconf 91' lang='lat' dir='ltr'><strong>iu</strong></span> <span class='ocrx_word' id='word_1_499' title='bbox 1205 4239 1257 4302; x_wconf 89' lang='lat' dir='ltr'><strong>lpso</strong></span> <span class='ocrx_word' id='word_1_500' title='bbox 1268 4237 1331 4286; x_wconf 88' lang='lat' dir='ltr'><strong>urbis</strong></span> <span class='ocrx_word' id='word_1_501' title='bbox 1341 4235 1427 4284; x_wconf 70' lang='lat' dir='ltr'><strong>ambito</strong></span> 
     </span>
     <span class='ocr_line' id='line_1_47' title="bbox 330 4319 1427 4389; baseline -0.005 -19"><span class='ocrx_word' id='word_1_502' title='bbox 330 4336 400 4384; x_wconf 85' lang='lat' dir='ltr'><strong>quem</strong></span> <span class='ocrx_word' id='word_1_503' title='bbox 411 4321 435 4368; x_wconf 90' lang='lat' dir='ltr'><strong>in</strong></span> <span class='ocrx_word' id='word_1_504' title='bbox 446 4321 569 4379; x_wconf 82' lang='lat' dir='ltr'><strong>suburbiis,</strong></span> <span class='ocrx_word' id='word_1_505' title='bbox 580 4324 713 4373; x_wconf 73' lang='lat' dir='ltr'><strong>civitatibus</strong></span> <span class='ocrx_word' id='word_1_506' title='bbox 723 4334 881 4374; x_wconf 74' lang='lat' dir='ltr'><strong>consentanee</strong></span> <span class='ocrx_word' id='word_1_507' title='bbox 891 4338 992 4389; x_wconf 76' lang='lat' dir='ltr'><strong>querque</strong></span> <span class='ocrx_word' id='word_1_508' title='bbox 1004 4329 1122 4386; x_wconf 70' lang='lat' dir='ltr'><strong>gemtor,</strong></span> <span class='ocrx_word' id='word_1_509' title='bbox 1132 4329 1181 4369; x_wconf 83' lang='lat' dir='ltr'><strong>tres</strong></span> <span class='ocrx_word' id='word_1_510' title='bbox 1188 4327 1244 4368; x_wconf 92' lang='lat' dir='ltr'><strong>sunt</strong></span> <span class='ocrx_word' id='word_1_511' title='bbox 1251 4319 1427 4382; x_wconf 72' lang='lat' dir='ltr'><strong>magistrumn</strong></span> 
     </span>
     <span class='ocr_line' id='line_1_48' title="bbox 330 4399 1425 4469; baseline -0.004 -19"><span class='ocrx_word' id='word_1_512' title='bbox 330 4403 422 4466; x_wconf 86' lang='lat' dir='ltr'><strong>species</strong></span> <span class='ocrx_word' id='word_1_513' title='bbox 436 4402 561 4467; x_wconf 76' lang='lat' dir='ltr'><strong>eligendre.</strong></span> <span class='ocrx_word' id='word_1_514' title='bbox 578 4412 603 4452; x_wconf 88' lang='lat' dir='ltr'><strong>et</strong></span> <span class='ocrx_word' id='word_1_515' title='bbox 614 4422 688 4456; x_wconf 91' lang='lat' dir='ltr'><strong>rerum</strong></span> <span class='ocrx_word' id='word_1_516' title='bbox 700 4407 769 4455; x_wconf 90' lang='lat' dir='ltr'><strong>ruodo</strong></span> <span class='ocrx_word' id='word_1_517' title='bbox 780 4408 895 4457; x_wconf 84' lang='lat' dir='ltr'><strong>dietemm</strong></span> <span class='ocrx_word' id='word_1_518' title='bbox 904 4414 1022 4456; x_wconf 88' lang='lat' dir='ltr'><strong>curetores</strong></span> <span class='ocrx_word' id='word_1_519' title='bbox 1033 4404 1184 4469; x_wconf 88' lang='lat' dir='ltr'><strong>eppellentur</strong></span> <span class='ocrx_word' id='word_1_520' title='bbox 1194 4400 1277 4450; x_wconf 80' lang='lat' dir='ltr'><strong>ediles</strong></span> <span class='ocrx_word' id='word_1_521' title='bbox 1289 4419 1295 4447; x_wconf 72' lang='grc' dir='ltr'><strong>ι</strong></span> <span class='ocrx_word' id='word_1_522' title='bbox 1311 4399 1354 4465; x_wconf 87' lang='lat' dir='ltr'><strong>qui</strong></span> <span class='ocrx_word' id='word_1_523' title='bbox 1370 4413 1425 4446; x_wconf 79' lang='lat' dir='ltr'><strong>sero</strong></span> 
     </span>
     <span class='ocr_line' id='line_1_49' title="bbox 329 4483 1428 4551; baseline -0.005 -17"><span class='ocrx_word' id='word_1_524' title='bbox 329 4483 372 4534; x_wconf 79' lang='lat' dir='ltr'><strong>iuri</strong></span> <span class='ocrx_word' id='word_1_525' title='bbox 391 4484 579 4551; x_wconf 75' lang='lat' dir='ltr'><strong>venditionisque</strong></span> <span class='ocrx_word' id='word_1_526' title='bbox 597 4503 674 4538; x_wconf 82' lang='lat' dir='ltr'><strong>curem</strong></span> <span class='ocrx_word' id='word_1_527' title='bbox 692 4488 819 4547; x_wconf 82' lang='lat' dir='ltr'><strong>iubebunt,</strong></span> <span class='ocrx_word' id='word_1_528' title='bbox 839 4505 914 4540; x_wconf 83' lang='lat' dir='ltr'><strong>remur</strong></span> <span class='ocrx_word' id='word_1_529' title='bbox 928 4487 1047 4536; x_wconf 85' lang='lat' dir='ltr'><strong>venelium</strong></span> <span class='ocrx_word' id='word_1_530' title='bbox 1064 4493 1197 4535; x_wconf 81' lang='lat' dir='ltr'><strong>coretores:</strong></span> <span class='ocrx_word' id='word_1_531' title='bbox 1215 4496 1333 4531; x_wconf 71' lang='lat' dir='ltr'><strong>serrorum</strong></span> <span class='ocrx_word' id='word_1_532' title='bbox 1349 4487 1428 4528; x_wconf 74' lang='lat' dir='ltr'><strong>rotun</strong></span> 
     </span>
     <span class='ocr_line' id='line_1_50' title="bbox 329 4562 1428 4636; baseline -0.007 -20"><span class='ocrx_word' id='word_1_533' title='bbox 329 4568 469 4618; x_wconf 83' lang='lat' dir='ltr'><strong>secerdotes.</strong></span> <span class='ocrx_word' id='word_1_534' title='bbox 487 4577 510 4618; x_wconf 88' lang='lat' dir='ltr'><strong>et</strong></span> <span class='ocrx_word' id='word_1_535' title='bbox 519 4571 649 4620; x_wconf 76' lang='lat' dir='ltr'><strong>sacerdotis</strong></span> <span class='ocrx_word' id='word_1_536' title='bbox 657 4569 761 4635; x_wconf 89' lang='lat' dir='ltr'><strong>quidem,</strong></span> <span class='ocrx_word' id='word_1_537' title='bbox 772 4585 849 4634; x_wconf 74' lang='lat' dir='ltr'><strong>ques</strong></span> <span class='ocrx_word' id='word_1_538' title='bbox 860 4571 997 4636; x_wconf 83' lang='lat' dir='ltr'><strong>perentibus</strong></span> <span class='ocrx_word' id='word_1_539' title='bbox 1007 4583 1049 4632; x_wconf 89' lang='lat' dir='ltr'><strong>per</strong></span> <span class='ocrx_word' id='word_1_540' title='bbox 1060 4567 1232 4621; x_wconf 82' lang='lat' dir='ltr'><strong>successionem</strong></span> <span class='ocrx_word' id='word_1_541' title='bbox 1242 4579 1284 4614; x_wconf 86' lang='lat' dir='ltr'><strong>seo</strong></span> <span class='ocrx_word' id='word_1_542' title='bbox 1301 4563 1358 4613; x_wconf 80' lang='lat' dir='ltr'><strong>siris</strong></span> <span class='ocrx_word' id='word_1_543' title='bbox 1378 4562 1428 4610; x_wconf 84' lang='lat' dir='ltr'><strong>sire</strong></span> 
     </span>
    </p>
   </div>
   <div class='ocr_carea' id='block_1_5' title="bbox 0 0 1578 5298">
    <p class='ocr_par' dir='ltr' id='par_1_5' title="bbox 0 0 1578 5298">
     <span class='ocr_line' id='line_1_51' title="bbox 0 0 1578 5298; baseline 0 0"><span class='ocrx_word' id='word_1_544' title='bbox 0 0 1578 5298; x_wconf 95' lang='lat' dir='ltr'><strong> </strong></span> 
     </span>
    </p>
   </div>
  </div>
 </body>
</html>
