3098 5314
326 565 384 622 ste
767 553 964 620 PLATONts
1073 547 1075 554 “
1337 563 1406 642 [ors

327 713 384 764 alim
406 711 524 762 llesiodus
532 711 655 768 ilivinerit,
665 727 690 761 re
700 719 779 760 antem
792 710 947 776 Epimeniden
956 711 1008 776 ipse
1019 708 1126 775 perfecit,
1137 721 1217 762 utros
1226 714 1340 762 nauus.
1356 715 1414 764 Car.

329 793 464 844 Asserimue
474 795 554 858 pleno.
586 793 690 842 Araus.
705 791 742 840 Er
751 807 781 840 es
798 793 881 857 utique
892 791 1054 840 devmtatione
1071 806 1181 858 msgnnm
1190 795 1364 859 terribilemque
1373 797 1415 844 bu·

329 875 696 925 msnisinrobusdesolstionens
713 871 826 922 accidiae
846 881 902 922 tunc
912 872 1064 922 arbitremur:
1082 875 1312 939 fertiliumsqrorum
1324 876 1416 940 mugni-

328 957 434 1006 tudinem
451 957 574 1011 deaettaru.
586 957 716 1020 ceterisque
732 955 870 1002 enimnlibns
881 955 993 1018 cormptis
1010 956 1047 1002 vir
1059 956 1130 1004 boum
1144 971 1314 1020 captorumque
1334 972 1415 1020 genus,

329 1045 354 1086 et
364 1037 424 1086 illud
433 1036 729 1102 quidemrsrumrelietum
740 1035 820 1091 dume,
832 1035 906 1100 [did]
923 1035 1007 1099 quibus
1018 1035 1145 1099 pascendis
1154 1045 1212 1085 tunc
1224 1037 1333 1085 bomines
1344 1037 1413 1085 vitam

329 1119 437 1184 egebant.
470 1117 527 1168 (ltu.
545 1117 590 1167 Cui
611 1117 708 1164 dubium
725 1115 735 1162 i
768 1115 873 1166 Arnas.
890 1115 1001 1164 Civitatis
1021 1133 1076 1166 vero
1099 1127 1124 1165 et
1144 1117 1277 1182 disciplina
1296 1117 1371 1166 civilis
1389 1127 1415 1165 et

328 1198 456 1263 legumde
475 1197 559 1262 quibus
580 1211 684 1262 presens
702 1211 717 1244 a
737 1197 806 1244 nobis
824 1211 900 1245 sermo
921 1197 1028 1254 bibetur,
1039 1197 1153 1262 numquid
1169 1199 1307 1246 memoriam
1317 1199 1413 1263 quidem

328 1280 445 1336 ollamus
464 1279 497 1327 ita
517 1277 691 1344 loquar,luisse
710 1277 838 1342 psutamns?
871 1276 930 1326 Cur.
946 1277 1044 1326 Nullam
1061 1293 1162 1342 pmrsus.
1194 1278 1298 1327 Aruas.
1313 1278 1411 1328 Annon

328 1377 356 1410 er
367 1361 415 1410 illis
423 1361 458 1408 itn
468 1359 589 1424 dispositis
599 1359 667 1406 nobis
684 1360 734 1407 bec
751 1358 830 1407 omnin
848 1367 1012 1422 provenerunt,
1023 1359 1125 1407 civitatis
1133 1359 1310 1424 disciplineque
1320 1359 1412 1416 civiles,

328 1449 398 1498 artes,
410 1441 483 1506 loges,
494 1453 519 1488 et
529 1439 637 1488 vitiorum
649 1447 719 1504 etque
730 1439 820 1488 virtutis
838 1453 885 1486 non
897 1454 969 1502 peras
979 1439 1048 1504 copis
1060 1439 1069 1486 i
1102 1440 1160 1489 Cur.
1176 1441 1231 1498 Quo
1242 1449 1310 1504 pecto
1319 1439 1344 1487 id
1355 1439 1411 1487 nis?

328 1521 432 1571 Aruas.
449 1520 573 1584 Numquid
591 1519 734 1575 arbitramur.
765 1519 995 1576 ovirmirilice‚eos
1016 1521 1131 1577 homines,
1142 1537 1197 1569 cum
1216 1521 1346 1576 multorum,
1357 1535 1411 1584 que

328 1603 391 1652 inter
401 1603 465 1651 cives
473 1603 573 1652 honesto
588 1599 703 1648 bebenbu
713 1599 750 1648 vel
759 1601 844 1664 turpia.
856 1600 931 1664 ignari
947 1609 1036 1656 esent,
1048 1617 1150 1650 summos
1161 1602 1197 1650 vel
1208 1603 1234 1650 in
1244 1603 1328 1650 virtute
1338 1601 1376 1649 vet
1386 1601 1414 1649 in

328 1683 386 1732 vitio
403 1681 534 1732 exstitisse?
569 1679 627 1728 Cur.
643 1679 719 1728 Probe
738 1679 833 1728 dixisti:
851 1680 958 1746 et,quod
977 1682 1021 1738 ris,
1031 1682 1194 1746 intelligimus
1225 1681 1329 1732 Arnas.
1343 1681 1415 1730 Tem·

328 1779 385 1828 pore
399 1761 473 1827 igitur
490 1761 700 1826 progredientem
721 1776 807 1826 genere
825 1761 944 1810 bominum
966 1762 1171 1826 multiplicatque
1191 1779 1337 1828 enumquam
1354 1777 1417 1812 nunc

328 1843 558 1900 videmus‚habitum
571 1843 770 1907 prorectsotunia
780 1855 843 1892 sunt.
877 1841 934 1892 co.
951 1841 1028 1890 Recte
1040 1843 1175 1894 admodum.
1208 1843 1314 1894 Arnas.
1331 1843 1417 1908 Neque

328 1907 408 1973 iumen
418 1923 502 1979 subito,
515 1931 540 1972 ut
550 1923 675 1972 verisimile
686 1931 730 1979 est,
742 1923 785 1970 sed
804 1923 917 1987 paulatim
933 1925 1050 1988 longoque
1070 1925 1216 1988 intempore.
1249 1925 1308 1975 Cui.
1340 1925 1418 1974 Vslde

327 2005 362 2054 sic
377 2005 455 2054 decet.
488 2003 592 2053 Aruns.
625 2004 653 2052 ln
671 2019 768 2068 compos
784 2005 848 2052 enim
859 2019 887 2052 ex
898 2005 1061 2054 cacuminibus
1082 2007 1196 2054 montium
1215 2021 1299 2054 recens
1317 2005 1419 2056 formido

328 2079 629 2150 descenderepioisibebst.
661 2083 720 2133 Cu.
738 2083 817 2132 Certe.
849 2083 955 2133 stunc
971 2085 1059 2134 Nonne
1077 2093 1208 2150 etpropter
1217 2087 1360 2150 psncitatem
1371 2087 1419 2136 illis

329 2162 473 2232 temporibus
492 2175 572 2215 mutuo
588 2167 650 2215 inter
660 2181 686 2215 se
701 2173 799 2229 aspectu
815 2165 1044 2228 concoquebantur,
1055 2166 1179 2230 prosatitn
1198 2181 1250 2214 cuin
1265 2181 1343 2230 nuque
1354 2173 1417 2216 term

328 2263 405 2313 neque
417 2249 474 2297 meri
484 2247 597 2296 transitus
607 2245 638 2295 ad
647 2247 706 2295 alios
716 2245 794 2294 facilis
813 2245 892 2301 luerit,
904 2246 1012 2294 omnibus
1022 2247 1093 2294 imme
1102 2247 1132 2293 sd
1141 2245 1261 2293 trensitum
1271 2247 1415 2294 instt'umen·

328 2329 359 2376 tis
369 2327 456 2377 deletis
468 2345 513 2378 una
524 2345 576 2376 cum
592 2327 701 2376 ortibus?
719 2335 862 2392 quopropter
880 2325 981 2376 invicem
998 2326 1120 2374 contenire
1137 2340 1185 2374 non
1196 2335 1313 2388 potcmt.
1328 2327 1417 2376 ferrum

327 2424 428 2473 namquo
440 2417 465 2457 et
480 2425 512 2457 rea
528 2417 553 2456 et
573 2409 671 2456 metallo
691 2407 772 2456 omnia
792 2407 889 2456 coniusa
909 2407 1071 2470 perierunt,nt
1088 2405 1187 2454 inveniri
1201 2407 1263 2456 etin
1277 2407 1357 2456 lucem
1366 2409 1418 2458 erui

328 2500 376 2537 non
386 2497 498 2553 possent:
515 2489 614 2537 undeet
632 2489 748 2552 lignorum
766 2488 825 2536 febri
842 2503 890 2536 non
909 2495 1055 2537 orantum
1071 2488 1114 2534 etsi
1130 2487 1226 2552 sliquod
1239 2487 1421 2538 instrumentum

328 2567 437 2618 relictum
448 2568 588 2632 quandoque
599 2569 623 2616 in
644 2569 763 2618 montibus
778 2569 926 2632 superfuerit,
937 2569 985 2618 cito
1002 2577 1082 2616 tnmen
1096 2569 1221 2616 contuitum
1238 2570 1353 2631 evnnuit;
1376 2585 1422 2619 nee

330 2647 437 2696 slisieri
451 2657 567 2713 poterent,
579 2657 705 2714 antequem
722 2663 760 2697 ers
777 2649 898 2698 metallice
920 2647 1051 2698 bominibus
1068 2649 1152 2698 iterum
1175 2649 1329 2698 inveniretur.
1363 2649 1422 2701 Cur.

332 2729 387 2786 Quo
409 2729 470 2776 enlm
492 2737 563 2793 pncto
585 2729 653 2778 eliter
673 2729 724 2778 lieri
744 2730 875 2794 pomisset?
909 2729 1015 2778 Arusu.
1041 2730 1108 2788 Quot
1128 2737 1206 2778 numm
1230 2731 1421 2794 generationibus

331 2817 414 2874 postes
425 2809 448 2857 id
468 2809 557 2858 baum
576 2825 628 2858 esse
650 2811 781 2874 putamus?
814 2809 998 2860 Cs1.Proieoto
1017 2809 1107 2859 mutis
1139 2810 1240 2860 drusa.
1259 2810 1335 2876 Igitur
1348 2821 1440 2870 artes„

331 2905 476 2955 quecunque
486 2891 547 2939 ferro
557 2899 653 2938 utuntur
671 2901 696 2940 et
715 2904 771 2947 erre,
780 2891 911 2955 seretisque
931 2890 1066 2955 hujumodi
1086 2891 1202 2948 mnium,
1213 2890 1423 2957 eodemtempore‚

331 2971 403 3019 immo
423 2971 495 3019 etiam
516 2971 612 3036 majore,
624 2971 760 3035 ignorantie
782 2972 886 3020 tenebris
907 2971 988 3020 obsite
1007 2972 1182 3035 ignorabuntur.
1215 2971 1274 3022 Cut-
1291 2973 1388 3023 Certum
1398 2973 1425 3024 id

331 3059 375 3101 est.
409 3051 513 3100 Aruas.
530 3053 596 3111 Quin
609 3053 680 3102 etium
701 3068 779 3118 neque
798 3053 883 3101 seditio
893 3053 937 3102 illo
955 3061 1061 3117 temporo
1079 3067 1157 3118 neque
1176 3053 1265 3102 bellum
1273 3062 1331 3102 eret.
1365 3055 1425 3104 Cu.

331 3133 389 3191 Qus
404 3132 514 3181 ratione?
548 3131 652 3184 Arnsu.
668 3133 757 3192 Primo,
768 3133 833 3198 quod
854 3141 950 3198 propter
971 3132 1143 3182 desolationem
1164 3133 1255 3182 audenti
1272 3149 1299 3182 se
1321 3135 1424 3184 invieem

329 3213 498 3264 benevolentia
513 3215 729 3279 complectebantur
756 3213 829 3280 [ute]
847 3213 943 3272 deinde,
954 3215 1017 3278 quod
1035 3215 1102 3263 cibus
1121 3214 1209 3262 bellum
1225 3231 1272 3264 non
1284 3215 1426 3264 coneitsbnt.

331 3311 469 3362 pascuorum
480 3297 542 3345 euim
551 3296 616 3345 nulls
628 3305 678 3344 eret
697 3297 788 3361 inopia,
797 3296 843 3344 nisi
854 3296 914 3345 sorte
924 3294 1065 3360 quibusdem
1084 3296 1168 3360 paucio
1186 3297 1217 3344 nb
1226 3296 1312 3346 initio:
1331 3296 1426 3362 pascuis

330 3385 408 3425 autem
420 3377 545 3442 plurimum
556 3377 603 3426 illis
614 3378 758 3442 temporibus
777 3377 850 3426 vitem
870 3376 980 3442 egebunt,
991 3377 1060 3426 laetis
1079 3377 1136 3424 item
1147 3385 1173 3425 et
1183 3379 1288 3426 eunium
1299 3379 1369 3442 copia
1377 3393 1426 3428 non

330 3457 429 3506 deerstz
447 3473 475 3506 ac
485 3457 580 3506 venado
591 3459 663 3508 facila
682 3459 802 3520 elimenes,
813 3473 857 3507 nec
875 3459 918 3506 ills
938 3457 1034 3522 quidem
1053 3458 1124 3514 mals,
1134 3458 1310 3522 suppeditabat.
1326 3459 1427 3508 vestitus

331 3545 652 3604 preterea,stnmensorum,
664 3539 848 3588 habitaculorum
869 3539 1061 3603 snsculorumque
1081 3547 1131 3586 tam
1152 3540 1273 3602 igneorum
1284 3553 1354 3600 quam
1374 3553 1425 3587 uon

330 3617 451 3691 igneorum
464 3620 557 3683 copiam
575 3619 701 3668 bebebnnt.
717 3627 780 3668 nites
799 3619 888 3684 quippo
900 3620 1007 3683 tingendi
1025 3627 1096 3684 atque
1115 3618 1212 3666 terendi
1231 3617 1291 3666 ferro
1300 3633 1349 3666 non
1361 3618 1426 3668 indi·

332 3709 405 3764 gent:
423 3700 509 3765 quibua
523 3700 664 3750 becuminis
680 3699 730 3748 Dei
749 3708 809 3748 num
824 3699 997 3764 consequimur,
1008 3709 1036 3749 ut
1055 3701 1077 3749 si
1096 3699 1190 3764 quondo
1199 3698 1304 3746 bominoa
1314 3699 1339 3747 iu
1350 3700 1426 3748 ntem

332 3781 490 3828 calamitatem
511 3779 650 3837 deciderint,
661 3781 788 3846 propagari
808 3795 881 3844 genus
901 3782 1029 3830 hommum
1051 3781 1132 3845 possit.
1163 3779 1218 3828 liae
1233 3779 1265 3828 de
1284 3793 1359 3828 eausa
1377 3795 1427 3830 non

333 3859 402 3907 vnlde
424 3861 507 3925 inopes
530 3871 695 3928 erantneque
716 3860 797 3926 inopis
820 3861 1023 3926 compellebantur
1043 3861 1075 3910 sd
1096 3860 1166 3908 belle.
1187 3859 1274 3908 divites
1291 3861 1430 3910 etinmlieri

333 3939 429 3988 minime
451 3951 629 4005 poterent,cnm
649 3959 728 4009 noque
749 3959 830 3992 nurum
852 3957 932 4006 neque
955 3949 1078 4007 argentum
1099 3941 1221 3992 heberent.
1238 3941 1264 3989 in
1285 3955 1428 4006 quocunque

330 4035 390 4095 ¹reru
400 4021 518 4069 hominurn
530 4033 592 4072 coetu
600 4039 644 4076 nec
655 4025 735 4090 iuopia
752 4040 831 4089 noque
846 4023 935 4072 divitie
954 4032 1017 4080 sunt,
1029 4023 1084 4071 huic
1092 4021 1218 4087 juutisaimi
1228 4037 1307 4070 mores
1318 4023 1427 4074 munst.

335 4114 411 4164 neque
422 4100 484 4148 enim
494 4103 526 4148 ibi
538 4107 679 4154 contumelia
688 4121 766 4171 noque
777 4103 864 4169 injuris
885 4105 963 4153 locum
972 4105 1053 4153 hebet.
1069 4103 1190 4155 emulatio
1199 4119 1292 4169 quoqne
1302 4111 1329 4152 et
1338 4103 1429 4152 invidia

333 4177 414 4244 procul
432 4179 507 4229 abent.
523 4182 560 4228 bis
578 4183 648 4246 igitur
663 4185 693 4234 de
711 4188 789 4236 musis
805 4185 861 4234 boni
879 4193 954 4242 ment,
965 4201 993 4234 nc
1010 4185 1113 4234 maxime
1129 4193 1226 4250 propter
1242 4185 1429 4248 simplicitatm.

331 4252 480 4324 'quecumque
491 4261 554 4308 onim
565 4263 692 4314 andiebnnt
701 4269 800 4317 honeste
817 4282 868 4316 esse
880 4267 919 4314 vel
937 4267 1022 4331 turpio,
1033 4273 1130 4332 proptor
1140 4266 1317 4330 simplicitstem
1328 4262 1427 4313 ereden-

332 4349 371 4389 tes
379 4353 432 4390 esee
450 4343 618 4395 remanebitis
636 4345 836 4412 obtemperabunt.
852 4363 897 4397 nec
915 4347 978 4396 tillus
996 4355 1095 4412 propter
1112 4345 1235 4410 sapientire
1247 4345 1390 4408 epimonem,
1402 4352 1431 4392 ut

331 4415 449 4476 inodofii·
461 4419 491 4468 de
512 4421 635 4474 mendacio
655 4429 829 4492 mspicsbstnr:
847 4427 898 4486 sed,
910 4444 963 4494 que
984 4427 1015 4476 do
1029 4428 1085 4476 Diis
1093 4435 1119 4476 et
1135 4425 1271 4476 bominibus
1281 4423 1429 4482 dioebanmr,

334 4518 390 4550 *θη
409 4509 528 4566 Pufflffls
539 4503 619 4567 quiete
639 4507 670 4553 sd
693 4509 743 4557 bac
762 4513 834 4558 ritum
856 4527 923 4560 suem
942 4509 1107 4558 instituebant.
1123 4505 1276 4572 quemobrem
1293 4504 1351 4552 talea
1361 4517 1433 4554 erm

334 4571 438 4640 omnino,
452 4583 535 4648 quoles
555 4584 627 4648 poulo
646 4595 701 4635 ante
721 4592 873 4640 mansimus.
905 4590 964 4640 Cst.
981 4589 1033 4656 Ego
1050 4587 1148 4654 quidem
1167 4593 1194 4634 et
1211 4586 1258 4634 isto
1280 4585 1325 4633 tibi
1346 4586 1374 4633 in
1393 4585 1435 4634 bis

334 4665 500 4714 consentimus.
532 4665 634 4722 Aruns.
651 4667 761 4718 Diximus
779 4687 846 4734 porro
856 4673 1020 4738 generetiones
1031 4670 1119 4721 multos
1136 4669 1170 4717 ita
1180 4667 1298 4724 viventes,
1309 4674 1361 4716 trun
1370 4665 1432 4726 iliis.
