3174 5296
156 483 227 562 363]
552 481 749 542 srlsrons
772 483 859 542 ιιιιι.
1186 483 1241 540 501

153 644 233 686 umen
245 637 376 700 grsriterno
387 651 418 686 su
429 635 507 692 iscilo,
517 635 538 683 si
549 649 578 684 ec
593 635 685 691 fiuent,
703 635 828 684 tolersrct:
847 649 875 682 uc
890 633 947 682 mihi
962 633 1027 682 visos
1043 641 1081 682 est
1096 649 1145 682 nou
1162 636 1246 684 leviter

129 709 131 712 ’
156 719 352 774 stomachatum,
371 707 394 765 si
415 731 444 764 cs
465 717 602 765 confierent.
637 714 754 764 Ceterum
764 714 823 763 mihi
844 713 892 764 Dio
901 715 965 762 vistis
981 722 1021 764 est
1039 723 1089 762 turn
1107 717 1178 764 dictis
1194 724 1246 764 tum

157 797 228 846 luctis
240 813 309 862 equo
319 799 345 846 in
357 805 381 847 te
389 813 443 846 csso
450 798 538 846 ιιιίιιιο.
555 796 662 853 Crotino,
669 796 788 844 Timothei
797 795 870 858 [863]
887 795 962 849 t'rstri.
972 795 1048 844 seddi
1056 811 1118 854 meo,
1127 799 1247 846 tlsorscsnr

157 877 266 926 dabimus
275 880 405 928 militonem
413 877 596 934 crustissimum,
606 893 636 925 er
658 893 690 926 co
705 891 792 940 genero
804 891 852 938 quo
865 875 959 938 pedites
975 877 1013 925 nti
1031 879 1117 926 solent.
1150 877 1248 926 Cebetis

157 958 250 1006 filiabus
266 967 313 1006 tres
323 960 423 1016 tunicas,
441 973 491 1006 nou
514 959 634 1022 pretiosus,
657 965 684 1006 ut
705 965 760 1006 sunt
774 955 936 1020 Amorgincm,
955 957 998 1004 sod
1019 966 1045 1006 ut
1063 959 1150 1007 Siculsc
1169 959 1248 1008 linere.

158 1038 255 1088 Cebetis
264 1047 343 1088 sutem
352 1053 440 1088 nomon
450 1039 495 1088 tibi
504 1040 604 1088 marimo
615 1045 699 1086 notum
709 1045 755 1086 cst.
771 1045 835 1086 extut
843 1036 908 1086 onim
917 1035 941 1085 in
952 1027 1060 1102 Il'iclogis
1070 1040 1205 1096 Socrnticis,
1222 1047 1248 1088 st

158 1100 184 1166 i'n
195 1118 298 1182 Diulogo
307 1121 337 1168 de
348 1121 429 1168 animo
439 1119 545 1182 disputet
555 1119 626 1166 simul
635 1133 690 1166 cum
705 1117 804 1166 Sironis
813 1116 927 1166 sdrorsus
937 1118 1068 1175 Socratem
1084 1121 1121 1168 vir
1139 1120 1248 1168 omnibus

158 1199 227 1248 nobis
232 1209 257 1249 et
267 1200 390 1248 familiaris
398 1209 424 1248 ot
434 1201 573 1248 benevolus.
604 1198 695 1248 Notum
703 1205 782 1246 sutem
793 1199 948 1262 epistolarum
955 1213 1014 1262 quus
1024 1207 1067 1248 sut
1076 1199 1138 1249 serio
1149 1209 1190 1249 cut
1200 1215 1247 1249 nou

159 1281 220 1328 serio
240 1281 318 1330 scribo
325 1282 371 1329 eui
382 1279 469 1344 opinor
484 1287 509 1328 to
520 1280 663 1337 meminisse,
674 1287 753 1327 tumen
765 1279 883 1328 attendito
894 1279 1031 1341 diligenter,
1042 1281 1195 1345 animumque
1206 1283 1248 1330 sd·

158 1362 252 1410 vertitu.
269 1360 412 1425 Complures
421 1361 484 1410 enim
489 1360 576 1423 jubent
584 1375 624 1408 mc
634 1359 746 1417 sonere,
757 1375 816 1424 quus
825 1360 951 1408 nnniscils
963 1375 1060 1424 possum
1071 1371 1152 1424 sporta
1170 1363 1249 1426 repel-

159 1441 218 1490 lero.
251 1441 322 1490 Series
333 1442 405 1503 igitur
414 1443 522 1506 epistola
531 1441 626 1490 initium
636 1449 673 1489 cst
682 1439 764 1488 Dens:
776 1455 825 1488 non
835 1441 910 1495 scrin.
922 1440 974 1488 Dii.
984 1442 1069 1505 Legati
1079 1457 1174 1507 quoque
1185 1457 1249 1491 srno
1261 1471 1267 1476 -

96 1553 102 1562 ·
160 1523 275 1585 petebant
285 1521 363 1569 uttibi
373 1522 499 1570 scriberem
509 1539 515 1568 ι
532 1521 710 1586 nsqucirsjuriu.
744 1519 879 1569 Admodum
891 1521 955 1569 cuim
965 1522 1067 1570 libenter
1076 1531 1101 1571 te
1117 1522 1204 1586 ubique
1221 1537 1249 1571 cc

159 1616 199 1650 sno
208 1601 339 1651 dileudsnt.
356 1603 382 1649 in
391 1602 430 1650 his
436 1617 483 1650 nou
493 1602 616 1650 minimum
627 1601 749 1664 Philsgor,
761 1603 804 1664 qui
815 1617 858 1665 per
866 1588 890 1650 itl
912 1609 1008 1666 tempus
1024 1619 1050 1652 es
1068 1618 1152 1652 munus
1168 1604 1249 1652 dolorc

161 1682 297 1730 laborabat:
315 1685 373 1730 item
382 1681 512 1740 Philocles,
524 1698 539 1730 c
550 1682 934 1746 Dsriorsgemsgnovenisus,dc
950 1691 975 1730 te
994 1683 1065 1732 serbe
1082 1685 1199 1733 iaciebst:
1222 1698 1251 1732 sc

160 1763 208 1810 uisi
218 1762 286 1810 ssldc
297 1763 394 1826 prolixus
406 1765 544 1812 etverbosae
554 1761 663 1828 epistolae
671 1772 805 1824 opusesset,
825 1776 878 1826 quse
890 1762 930 1809 illc
951 1763 1054 1826 dioebst,
1073 1765 1250 1828 perscriberem.

162 1843 234 1892 Nunc
241 1857 273 1890 cx
283 1843 385 1906 Leptine
395 1851 534 1908 percontere
546 1859 576 1892 sn
585 1845 705 1892 thorscem
712 1851 753 1891 sut
762 1843 827 1891 eliud
835 1842 957 1906 quidpiam
964 1859 1045 1892 eorum
1058 1844 1089 1893 de
1100 1845 1185 1908 quibus
1196 1846 1252 1893 scri·

162 1925 200 1981 bo,
213 1924 306 1972 nrittss:
325 1925 345 1972 si
355 1931 437 1972 tumen
447 1925 471 1973 oi
481 1933 508 1973 ιιι
518 1925 577 1973 velis
585 1925 746 1974 committere:
762 1925 801 1972 sin
808 1924 893 1980 minus,
904 1924 994 1972 Terlllo
1005 1925 1154 1974 committito.
1179 1927 1215 1973 Ex
1224 1925 1253 1973 iis

161 2005 203 2067 qui
210 2010 327 2066 perpetuo
338 2005 451 2068 navigent
459 2006 530 2054 nobis
540 2013 577 2053 est
587 2004 685 2059 amicus,
696 2010 721 2051 ct
736 2017 791 2050 curn
802 2004 856 2050 aliis
866 2004 889 2050 in
899 2005 980 2059 robus,
993 2013 1044 2052 tum
1061 2005 1086 2052 in
1104 2005 1253 2068 philosophia

162 2084 261 2132 minime
272 2083 378 2148 ineptus.
406 2085 547 2150 Titonisqus
557 2099 630 2149 gener
640 2091 684 2140 cst,
697 2082 799 2146 ejusqui
810 2097 857 2146 quo
870 2092 976 2147 tompore
985 2085 1161 2148 navigabamus,
1171 2086 1253 2133 urbem

162 2163 268 2228 regsbst.
299 2163 370 2220 Vols,
391 2175 417 2213 ct
432 2166 607 2230 philosophare,
631 2165 736 2228 eliosqus
754 2164 918 2212 adolescentes
930 2165 1010 2212 excitu
1027 2173 1099 2228 atquo
1121 2166 1254 2223 odlsortcrc,

163 2244 270 2306 meisque
279 2243 358 2292 verbis
368 2251 423 2294 tuns
432 2247 459 2294 in
469 2247 525 2310 pilu
546 2247 604 2296 ludo
623 2245 753 2294 collusores
774 2244 859 2292 ssluts.
891 2244 952 2294 Jubo
974 2261 1029 2294 vero
1051 2261 1106 2294 cusu
1125 2247 1186 2303 ullis,
1204 2254 1253 2294 tuln

165 2323 315 2380 Aristocrito,
325 2324 402 2388 siquid
410 2339 425 2374 u
432 2342 472 2375 ros
483 2333 525 2375 unt
532 2325 612 2375 verbis
621 2335 663 2374 eut
673 2325 751 2372 literis
760 2325 803 2372 tibi
810 2325 939 2395 nuntietur,
949 2325 991 2373 det
997 2339 1093 2390 operans
1100 2336 1126 2374 ut
1134 2327 1261 2390 quampri-

163 2419 230 2454 nrnnr
247 2402 279 2452 ud
288 2411 313 2450 ts
324 2405 457 2467 perierunrr
467 2423 473 2453 ι
484 2407 576 2470 tibique
586 2404 756 2454 inmemorism
766 2415 864 2454 revocet
873 2421 903 2453 os
914 2421 967 2469 quse
977 2407 1126 2471 tibtseripu
1141 2416 1218 2464 crunt,
1227 2415 1256 2457 ut
1273 2413 1276 2423 '

166 2499 262 2535 sucuro
271 2483 366 2537 hebens.
377 2485 449 2536 Nunc
455 2503 510 2536 vcro
521 2489 683 2551 &aponum
692 2486 790 2548 chtr'ni
798 2499 842 2532 sus
849 2487 952 2548 pecunie
960 2487 1037 2550 primo
1046 2503 1141 2552 quoquo
1149 2497 1256 2553 temporo

167 2566 329 2631 persolvetur:
347 2567 461 2616 utsliiin
472 2577 527 2616 oum
537 2568 699 2632 respicientes,
720 2567 853 2628 promptius
872 2573 898 2614 st
916 2567 1018 2616 ulscrius
1035 2568 1103 2617 nobis
1122 2569 1260 2618 inservient·

166 2645 280 2696 lsuoclss
291 2663 353 2697 unse
361 2647 469 2710 nuscum
479 2647 608 2712 Myronids
615 2647 725 2694 libertato
737 2645 847 2703 donatus,
858 2647 955 2709 nurigst
962 2663 1026 2698 nunc
1036 2663 1092 2698 curu
1101 2650 1132 2698 iis
1143 2653 1185 2713 qni
1196 2666 1256 2700 erne

167 2729 300 2778 mittuntur.
333 2727 395 2776 iluic
406 2727 475 2776 dubis
490 2727 644 2792 stipendium,
661 2733 743 2790 utpote
762 2728 866 2776 animum
885 2743 942 2792 erga
953 2737 978 2776 ts
999 2730 1141 2780 benevolum
1157 2732 1257 2795 gerenti,

168 2807 266 2872 ejusque
277 2823 349 2872 opere
357 2807 398 2856 ubi
409 2807 472 2859 soles
482 2809 565 2860 uteris.
580 2818 606 2858 ct
614 2807 737 2872 epistolum
748 2816 790 2856 sut
798 2809 881 2873 ipsein,
890 2817 931 2858 sut
940 2811 1041 2874 siipsius
1048 2813 1168 2877 uomplsr
1178 2826 1260 2861 sons·

167 2897 212 2945 tur,
223 2897 275 2938 tuto
284 2903 411 2954 cognosce.
448 2915 452 2924 ι
