3174 5296
152 483 224 558 aar]
571 481 769 546 uuisioni
791 483 861 546 vu.
1186 482 1260 550 rue

147 641 212 690 enlm
221 651 246 689 et
256 641 315 690 mihi
327 651 353 690 et
363 641 426 698 aliie,
434 647 461 690 ut
470 641 505 689 ite
515 641 626 703 dixerim,
635 642 746 690 omnibu·
756 643 843 688 damna
851 638 989 704 munimime
997 638 1135 690 intulerunt.
1146 641 1182 690 illi
1191 642 1245 706 qui-

150 721 214 777 dem,
233 737 289 770 uum
299 722 459 770 interficerent
467 737 531 778 erim,
539 723 581 785 qui
592 721 688 770 volebat
698 722 733 768 uti
747 719 841 784 juetitie
853 738 858 766 :
877 721 916 768 hio
931 730 1021 777 eutem,
1031 737 1085 770 cum
1095 723 1163 772 nullo
1174 731 1246 786 pactu

149 803 223 850 veliet
233 803 268 850 uti
276 803 378 866 jueiitia,
387 803 411 849 in
421 803 531 850 univerae
539 817 613 866 regno
627 802 756 850 maximam
773 801 864 849 habene
874 802 1014 866 potentiam.
1030 803 1057 850 in
1067 817 1123 866 que,
1142 804 1206 866 quud
1225 804 1247 852 ei

148 883 299 946 philosophia
314 899 361 931 una
379 898 435 931 unm
455 883 564 946 potentia
580 897 637 930 vere
654 884 680 930 in
699 883 766 930 idem
783 882 852 945 quasi
868 881 1013 930 domicilium
1025 884 1190 938 coneumieeet,
1201 899 1246 948 per

149 976 231 1010 omnee
242 965 357 1020 hominen,
368 973 394 1012 et
405 963 502 1012 Grecue
512 973 538 1011 et
549 963 668 1020 barbarae,
677 964 813 1011 elucentem
821 977 948 1026 veramque
957 963 1095 1026 opinionem
1101 964 1246 1014 eufficienter

150 1045 260 1092 omnibue
276 1044 425 1101 ostendisset,
444 1059 523 1108 neque
540 1043 662 1092 civitatem
679 1059 758 1107 neque
776 1043 897 1092 hominem
914 1058 1018 1106 unquam
1028 1044 1077 1091 iore
1086 1045 1188 1100 felicem,
1198 1046 1246 1094 niei

151 1133 177 1170 et
197 1139 252 1172 cum
272 1125 399 1189 prudentie
419 1133 445 1172 et
464 1125 509 1172 eub
522 1124 616 1188 justitia
633 1124 725 1178 vixerit,
745 1124 795 1172 eive
813 1139 856 1187 per
873 1139 900 1172 ee
924 1125 977 1171 illee
989 1125 1119 1186 poeeideet,
1137 1126 1187 1174 eive
1202 1127 1247 1176 aub

150 1213 283 1253 eanctorum
294 1206 428 1270 principum
438 1205 542 1254 moribus
552 1204 598 1251 rite
610 1203 726 1252 educetur
736 1213 807 1267 atque
819 1207 950 1254 erudiatur.
966 1205 991 1252 in
1011 1207 1047 1253 bie
1059 1205 1155 1269 quidem
1164 1207 1247 1254 nocuit

149 1283 297 1351 Dionysium
315 1296 395 1334 cetera
414 1301 479 1341 tero,
499 1286 520 1334 ei
531 1287 561 1332 ad
573 1286 623 1332 bec
635 1294 810 1348 comparentur,
822 1285 909 1333 diurne
919 1287 1048 1350 perexigua
1060 1287 1118 1334 mihi
1130 1286 1248 1334 ridentur.

149 1375 174 1414 et
191 1367 258 1416 enim
274 1369 316 1431 qui
334 1367 439 1416 Dionem
459 1365 588 1422 interiecit,
606 1381 654 1413 nou
670 1365 788 1413 intellexit
798 1366 872 1422 idem,
884 1366 950 1428 quod
962 1367 1102 1433 Dionyeine,
1113 1380 1138 1414 ee
1150 1365 1247 1414 iecieee.

150 1447 261 1510 equidem
277 1459 342 1498 uerte
361 1447 418 1504 erio,
436 1455 552 1510 quantum
569 1448 661 1494 homini
671 1447 701 1494 de
713 1447 809 1494 homine
819 1447 932 1495 affirmare
944 1447 1010 1502 licat,
1023 1448 1136 1501 Dionem,
1148 1447 1167 1494 ei
1178 1446 1247 1509 regni

149 1529 307 1590 gubernacula
317 1529 407 1576 diutina
418 1529 543 1584 tenuieeet,
554 1543 674 1592 nunquam
685 1529 711 1576 in
722 1528 793 1576 aliem
804 1527 943 1576 dominandi
954 1529 1053 1576 formam
1063 1528 1135 1576 iniere
1147 1541 1247 1576 conver·

148 1623 238 1666 eurum,
256 1623 335 1672 quem,
347 1625 404 1658 cnm
422 1610 453 1657 eb
463 1609 532 1658 initio
542 1609 644 1673 patriam
654 1623 721 1657 auem
731 1610 867 1674 Syracusae,
885 1608 959 1673 [eeu]
977 1609 1076 1672 expulea
1085 1609 1208 1663 eerritute,
1219 1607 1247 1656 in

148 1703 193 1736 auo
201 1689 257 1752 jure
266 1690 399 1747 eunetituit,
410 1690 525 1738 libertatie
534 1689 586 1754 jam
596 1691 725 1754 eplendore
736 1690 883 1738 leetieeimam
893 1705 899 1735 :
917 1689 1005 1738 deinde
1016 1689 1081 1738 omni
1092 1689 1171 1737 etudio
1183 1689 1248 1737 cirre

149 1770 260 1833 congruie
270 1770 413 1834 optimisque
423 1771 516 1834 legibue
526 1779 678 1832 emmunim
695 1779 810 1834 pretereo
828 1785 923 1818 ornnem
933 1769 1081 1834 diligentiam
1090 1769 1250 1818 adhibiturum

149 1848 232 1906 iniere,
254 1866 302 1914 quo
322 1859 373 1900 tote
393 1853 564 1902 inhabitaretur
592 1852 682 1908 Sicilie,
705 1853 890 1911 liberarrtnrqne
908 1864 924 1897 a
944 1850 1059 1905 barbarie,
1082 1849 1134 1897 aliie
1151 1849 1248 1911 quidem

149 1931 264 1994 erpuleie,
282 1931 337 1979 aliie
355 1947 412 1980 vero
429 1933 543 1988 enbeetie,
561 1933 657 1980 inciline
675 1946 747 1993 quam
764 1929 855 1977 iecerat
872 1928 969 1976 llieron.
985 1944 1038 1976 cum
1058 1943 1116 1976 vero
1136 1931 1187 1976 bec
1206 1943 1250 1994 per

150 2010 227 2060 virum
246 2011 346 2074 juetum,
364 2014 459 2066 iurtem,
477 2019 635 2076 temperatum
652 2011 692 2058 vel
714 2009 883 2072 philoeopbum
891 2015 959 2071 geete
969 2008 1077 2066 inierunt,
1086 2008 1172 2058 eadem
1182 2008 1248 2072 apud

149 2092 238 2140 multoe
247 2091 342 2140 virtuti·
349 2092 467 2140 floruieeet
476 2093 567 2156 opinio,
578 2106 630 2154 quae
641 2099 667 2138 et
678 2089 745 2137 ealra
755 2105 779 2137 re
789 2087 854 2152 apud
864 2105 955 2146 umnee,
965 2098 992 2136 nt
1005 2088 1041 2137 ite
1050 2089 1159 2146 dixerim,
1171 2091 1248 2138 borni·

149 2183 193 2218 nee
204 2172 329 2236 rignieeet,
339 2171 361 2220 ei
371 2171 502 2238 Dionyeiue
512 2172 581 2220 nobie
591 2172 622 2220 ab
633 2171 704 2218 initio
713 2170 842 2234 parnieeet.
857 2185 922 2218 nunu
936 2178 1024 2226 autem,
1035 2171 1084 2220 eive
1093 2171 1145 2234 quia
1155 2169 1250 2222 demon

126 2247 127 2250 ’
150 2250 200 2300 n're
210 2251 358 2316 perniciosus
368 2253 456 2316 aliquia
463 2253 500 2300 luie
508 2267 561 2301 eeee
572 2251 697 2316 objiciene,
707 2251 833 2314 iniquitate
842 2257 868 2298 et
877 2251 1009 2313 impietate,
1016 2259 1041 2298 et
1049 2251 1111 2314 quod
1120 2251 1249 2314 peeeirm

152 2339 198 2388 eet,
209 2333 327 2397 ignoranti
336 2333 443 2390 andacia,
454 2349 483 2381 ex
495 2347 543 2398 qna
553 2334 618 2382 mala
628 2333 739 2382 omnibue
747 2331 829 2380 omnia
839 2339 864 2378 et
873 2331 990 2380 radicibus
998 2332 1089 2380 herem
1096 2340 1122 2381 et
1129 2333 1251 2396 pullulent

151 2421 177 2461 et
195 2403 220 2461 in
239 2422 360 2476 porterum
375 2413 511 2478 producunt
529 2413 633 2463 inlutum
651 2414 687 2462 lile
705 2414 746 2478 qni
764 2421 893 2462 menter
909 2413 1090 2470 amarieeimum,
1100 2423 1188 2462 cuncte
1198 2414 1251 2462 luen

152 2495 268 2556 penertit
287 2509 366 2544 rurme
383 2503 409 2544 et
426 2493 540 2560 perdidit.
557 2496 599 2544 aed
617 2509 681 2542 nune
703 2494 774 2542 tertio
792 2493 900 2542 felicium
917 2493 1076 2557 arnpioiorum
1093 2495 1169 2557 pretia
1185 2494 1252 2542 bona

152 2571 274 2624 dumtaxat
292 2575 432 2625 ominemnr.
449 2577 549 2626 conenlo
563 2577 638 2640 igitur
657 2565 726 2624 vobin
744 2573 836 2631 amicir,
846 2581 874 2622 ut
884 2572 990 2622 Diouem
1001 2574 1134 2630 imitemini,
1145 2589 1251 2624 amorem

151 2653 216 2702 illiue
235 2655 260 2702 in
277 2655 376 2719 patriam
395 2657 498 2720 riteque
516 2657 699 2720 temperantiam
715 2656 791 2719 magle
810 2655 931 2718 magieqne
948 2656 1143 2719 complectentee.
1165 2656 1252 2719 quibua

127 2757 130 2766 ·
152 2741 231 2784 eutem
249 2736 363 2799 euepieiie
379 2737 479 2784 euuailia
496 2737 548 2801 ejue
567 2737 678 2801 perficere
697 2737 832 2785 oonendum
851 2736 920 2784 rubia
940 2736 989 2784 eit:
1015 2743 1041 2784 et
1062 2736 1142 2800 quelle
1153 2737 1253 2787 comihe

152 2807 250 2871 morini,
261 2823 344 2878 aperte
354 2815 451 2879 quidem
469 2831 500 2864 ex
510 2831 549 2864 me
560 2817 669 2866 audiun.
684 2817 739 2866 etei
750 2817 804 2880 quie
812 2823 849 2864 eet
859 2817 922 2865 iuter
933 2832 984 2874 rue,
995 2817 1036 2880 qui
1047 2817 1136 2866 Dorice
1147 2825 1252 2882 nequent

151 2887 233 2944 virere
252 2894 383 2944 mundum
401 2897 484 2960 patrie
502 2897 617 2954 instituta,
628 2908 789 2961 eeqneturque
800 2897 907 2946 Siculum
918 2897 1014 2945 vivendi
1026 2913 1115 2946 tuorem
1125 2906 1149 2946 et
1159 2913 1251 2956 eorum,

151 2975 194 3037 qni
212 2975 318 3024 Dionem
338 2977 491 3026 oeciderunt:
508 2992 588 3042 neque
606 2993 662 3026 eum
679 2977 785 3041 recipere
802 2991 882 3040 neque
892 2977 1028 3024 existimare
1038 2978 1118 3025 velitie
1129 2978 1213 3026 ullain
1224 2993 1251 3026 re

151 3055 252 3106 fidelem·
267 3067 340 3121 etque
357 3058 484 3106 eincerum.
500 3067 594 3106 reteroe
609 3065 690 3106 entem
707 3056 829 3105 adhortari
845 3057 924 3119 potine
934 3055 1026 3103 debetie
1036 3055 1068 3104 ed
1079 3057 1249 3106 habitationem

151 3141 226 3186 totlue
244 3137 332 3187 sicilie
349 3136 531 3200 dieponendam,
543 3138 668 3202 legumque
677 3138 812 3201 paritatem,
824 3143 874 3183 tum
884 3152 914 3184 ex
924 3136 975 3198 ipen
994 3135 1078 3183 Sicilia
1085 3143 1135 3182 tum
1146 3150 1175 3183 er
1186 3137 1252 3184 omni

152 3217 341 3283 Peloponneeo:
369 3233 416 3266 neo
435 3217 545 3266 Athenae
573 3219 674 3266 horrete.
703 3223 759 3264 eunt
781 3214 846 3264 enim
868 3222 895 3262 et
916 3214 949 3262 ibi
970 3215 1015 3262 riri
1036 3215 1123 3262 virtute
1145 3215 1252 3264 amnium

151 3299 352 3361 praetentinimi,
372 3299 458 3362 etqui
475 3297 531 3348 odio
549 3297 653 3346 babeam
669 3311 754 3346 eornm
769 3295 945 3351 crudelitatem,
964 3294 1006 3359 qni
1017 3293 1214 3358 hoepitumcaede
1225 3309 1253 3344 ae

151 3381 269 3442 polluent.
285 3395 368 3429 verum
378 3381 399 3430 ei
409 3381 460 3428 beo
471 3378 574 3428 tardiora
580 3379 632 3443 jem
642 3387 704 3434 eunt,
717 3385 849 3441 urgentque
857 3375 1050 3440 inequutidiane
1059 3375 1251 3438 multiplicetque

152 3461 284 3510 eeditionee
301 3469 372 3526 etque
388 3459 529 3510 dieeordire:
546 3460 682 3524 intelligere
690 3471 885 3522 unumquemque
896 3465 999 3522 oportet,
1010 3456 1050 3505 cni
1059 3454 1132 3509 medo
1142 3457 1181 3504 vel
1191 3471 1252 3520 pan·

152 3540 203 3590 lum
221 3549 292 3592 reem
308 3542 428 3606 opinionis
443 3555 495 3592 eure
504 3542 612 3605 quiedam
623 3541 705 3589 divine
715 3539 799 3603 largite
809 3539 849 3595 eit.
860 3539 953 3588 nullum
963 3538 1012 3586 iore
1023 3537 1095 3585 finem
1106 3536 1250 3586 seditionum

153 3623 314 3687 malorumque
325 3639 356 3672 ex
366 3623 484 3674 reditione
493 3623 652 3686 neeeentium,
659 3623 797 3687 priueqnam
807 3620 852 3677 illi,
863 3621 906 3683 qni
914 3619 1013 3668 vicerint
1022 3619 1113 3682 proelie,
1123 3617 1252 3692 acedibue

152 3703 348 3769 puleionibueque
377 3707 466 3753 uirium
487 3713 558 3768 atque
585 3703 657 3752 etiem
685 3702 824 3766 injuriamm
844 3699 1068 3748 commemoratione
1089 3699 1252 3762 vindictaque

153 3783 286 3847 cupiditete
305 3794 465 3850 temperanter
481 3785 583 3832 inimicia
594 3784 762 3837 concilientur,
773 3781 858 3844 auique
867 3779 941 3843 ipeiue
951 3789 1073 3843 compotee
1085 3779 1157 3827 fient:
1177 3779 1251 3846 [³87]

153 3873 269 3926 preterea
283 3867 348 3929 leger
365 3867 443 3914 ierant
456 3879 603 3924 communen,
623 3862 697 3911 nihilo
714 3861 793 3925 magle
803 3859 834 3908 ad
845 3861 991 3924 voluptatem
1002 3874 1069 3908 euam
1080 3875 1150 3924 quam
1160 3875 1250 3918 eorum,

151 3955 212 4006 quoe
222 3947 337 3994 vicerint:
356 3953 489 4009 cogantque
499 3945 555 3993 illue
566 3945 602 3992 hie
611 3944 705 4008 legibus
716 3943 760 3990 uti.
777 3949 872 4004 cogant,
880 3940 988 4004 inquam.
997 3941 1092 4004 gemim
1100 3942 1253 3992 neceeeitetie

153 4024 199 4082 ria,
210 4039 277 4073 metu
286 4026 379 4074 eeilioet
389 4035 414 4074 et
422 4024 513 4090 pudore
525 4043 530 4072 ι
549 4033 615 4073 metu
632 4023 729 4089 quidem
745 4031 873 4088 propterea
882 4021 948 4085 qaod
958 4023 1104 4086 potentioree
1114 4023 1171 4080 eint,
1182 4041 1250 4074 tuam

153 4104 202 4153 rim
221 4105 430 4154 demonstrantem
450 4107 539 4170 pudere
557 4121 615 4154 vero
629 4121 659 4152 ex
676 4121 714 4162 eo,
726 4103 792 4168 quod
801 4119 879 4152 rureue
891 4104 1039 4167 potentioree
1049 4105 1252 4170 promptioreeque

154 4195 287 4250 appareant
296 4195 348 4234 tum
358 4187 382 4234 ia
394 4187 555 4251 voluptatibue
565 4187 704 4252 euperandie
716 4195 766 4234 tuna
776 4185 799 4232 in
811 4184 904 4248 legibue
913 4183 1076 4234 observantia.
1092 4188 1160 4234 aliter
1171 4195 1251 4234 eutem

152 4268 218 4316 anila
228 4283 325 4332 proruue
334 4275 371 4316 eet
380 4269 418 4315 ria
428 4268 585 4318 finiendorum
592 4270 706 4316 malorum
716 4265 828 4320 civitatis,
843 4267 868 4313 in
878 4281 903 4313 ae
915 4266 968 4330 ipea
975 4265 1129 4314 reditionibus
1142 4265 1251 4314 laborau-

153 4347 202 4395 tie:
220 4347 264 4397 eed
280 4347 419 4405 eeditionee,
434 4347 573 4406 inimicitie,
593 4347 657 4406 odia,
670 4347 816 4411 proditiones
826 4348 851 4396 in
863 4348 990 4412 republica,
1003 4355 1029 4395 ut
1039 4349 1064 4396 in
1074 4347 1210 4396 civitetihue
1220 4346 1254 4396 ite

155 4441 181 4473 ee
192 4429 336 4478 habentibue
344 4429 406 4478 intre
416 4445 443 4478 ee
452 4437 524 4494 etque
534 4430 638 4478 rieieeim
647 4429 699 4479 ueri
709 4429 840 4486 consuerit,
848 4444 943 4494 eemper
952 4428 1094 4477 exorientur.
1103 4427 1254 4490 quemobrem

157 4508 199 4570 qui
221 4517 336 4577 tanquam
354 4511 500 4578 potentioree
520 4511 692 4578 rempublicam
712 4517 804 4570 tenent,
820 4511 841 4560 ei
858 4511 961 4561 ealutem
970 4507 1219 4574 exoptant,ipeiinter
1230 4519 1256 4556 ee
