3098 5314
115 503 192 582 nst]
480 499 535 560 on
557 495 728 562 inntens
751 501 826 566 utu.
850 505 873 564 1.
1149 497 1210 564 uto

114 654 168 706 sinc
177 655 283 712 omniun
294 655 408 712 rirtntnrn
417 669 514 704 numero
523 657 549 704 in
568 656 724 706 seditionibus
741 657 837 722 reperiri
857 659 950 724 poterit.
963 657 1033 708 'multi
1043 653 1123 709 nutrit
1133 657 1207 708 etim

114 737 263 794 musonii,
273 737 338 802 qnod
347 751 397 785 non
407 736 504 800 nsgsbit
517 736 632 801 Tyrtaeus,
642 740 797 802 reperiuntur,
808 740 849 804 qni
859 749 957 791 externo
971 741 998 790 in·
1008 737 1071 792 bello
1087 739 1206 804 intrepide

113 827 239 882 pugnent:
258 832 356 884 quorum
374 817 468 881 plurimi
486 817 584 882 irroret,
601 819 689 883 injurii,
700 821 875 879 contumeliosi,
886 818 1080 888 p'sucissimisque
1099 819 1209 885 excepti!

114 899 221 948 omniurn
233 899 398 948 cruentissimi.
413 913 523 962 quorsum
532 901 583 947 hnc
593 901 602 947 i
613 901 717 966 quidque
732 918 761 951 er
772 903 809 950 bis
819 903 984 952 declarandum
994 905 1003 952 i
1021 903 1086 969 quod
1096 901 1210 951 videttcet

113 980 333 1037 mnninotnnriiie,
344 981 386 1045 qui
405 979 469 1043 leges
487 980 525 1028 bic
544 981 574 1028 sb
592 981 653 1030 Jove
674 981 749 1040 dedit,
760 999 832 1048 quent
853 984 914 1034 elius
932 985 1008 1034 omnis
1028 969 1209 1048 isgirrniutor,ui

114 1060 174 1125 qnid
184 1060 258 1110 modu
269 1061 405 1126 profuturus
413 1071 457 1117 est,
467 1061 502 1109 ite
512 1062 680 1124 legeseondet,
693 1069 719 1110 ut
735 1079 784 1112 non
794 1066 825 1112 ed
838 1065 903 1114 uliud
914 1081 985 1130 quum
995 1067 1025 1114 nd
1037 1063 1206 1130 arupiiesitnttnt

115 1155 210 1206 semper
218 1142 330 1206 uirtutem
346 1143 463 1206 respiciet.
479 1151 516 1190 est
534 1149 621 1200 unum,
633 1151 660 1190 nt
675 1144 752 1208 iuquit
766 1145 894 1210 Theognis,
905 1147 965 1195 fides
981 1147 1032 1204 itte,
1042 1161 1096 1210 qute
1105 1143 1208 1192 maxime

114 1221 140 1270 in
152 1223 263 1286 pericuiir
280 1223 353 1280 tecet,
364 1237 436 1286 qutun
451 1223 567 1288 justitient
585 1223 714 1287 perfeetum
733 1226 786 1290 quis
797 1227 935 1276 nominabit.
950 1239 1053 1285 eutero,
1062 1239 1134 1291 quern
1143 1239 1207 1272 sum·

115 1317 211 1367 rnupere
227 1304 338 1369 Tyrtesus
356 1303 469 1359 lundonii,
480 1307 525 1354 etsi
543 1306 643 1370 pulchre
660 1313 697 1354 est
712 1313 738 1354 et
755 1308 851 1372 epodtn
864 1316 996 1373 opportune
1007 1308 1111 1363 iuudntu,
1122 1305 1209 1354 virens

115 1391 195 1434 temen
206 1393 233 1434 et
243 1399 341 1436 numero
349 1395 432 1450 questu
442 1387 496 1436 ioco
506 1387 635 1436 rectissime
642 1387 780 1438 honorande
795 1397 840 1438 est.
865 1390 923 1439 cnr.
939 1389 1011 1452 Ergo,
1024 1391 1120 1452 ὴοιριι,
1128 1380 1207 1450 legunt

116 1465 402 1516 mentemmentdm
419 1467 587 1516 internititnos
601 1469 682 1532 legum
700 1469 832 1518 conditores
847 1469 1014 1536 projiciemus?
1031 1469 1135 1518 Arnus.
1150 1467 1209 1516 Non

116 1547 193 1603 ntum,
203 1563 220 1596 o
229 1546 266 1596 vir
276 1548 376 1612 optime,
388 1547 430 1597 sed
447 1549 494 1612 ipsi
510 1563 554 1597 nos
572 1550 654 1613 ipsos:
672 1550 799 1613 siquidem
810 1563 919 1614 putemus
936 1563 962 1599 ct
970 1551 1009 1599 bic
1020 1559 1045 1598 et
1052 1549 1117 1614 opud
1133 1549 1210 1597 Ince·

118 1629 247 1678 dornoniae
262 1629 396 1694 Lycurgum
407 1637 433 1678 et
449 1630 560 1678 Minoem
577 1629 609 1678 ed
626 1630 716 1678 bellurn
732 1631 885 1695 respicientes
904 1632 969 1696 leger
989 1623 1132 1680 condidisse.
1148 1627 1209 1677 Cur.¹

120 1710 326 1773 Quomodoigitnr
333 1713 365 1760 ds
373 1711 419 1760 boo
427 1710 506 1759 dicere
516 1725 559 1758 nus
566 1711 706 1774 oportebat?
715 1711 820 1760 Arnen.
836 1711 962 1760 Utveritns
971 1719 996 1761 et
1002 1713 1095 1778 jnrtitie
1104 1709 1212 1776 postulet

119 1805 159 1840 eos
166 1790 256 1847 diem,
263 1791 305 1852 qtti
316 1789 347 1838 de
356 1789 468 1838 dirinnre
477 1783 573 1852 publice
581 1790 711 1836 disserunt:
723 1806 772 1838 non
780 1790 812 1838 nd
821 1792 961 1856 perticulam
972 1793 1073 1851 virtutis,
1080 1799 1212 1856 etproeser·

119 1871 163 1920 tin
169 1870 417 1935 eddsjectiorenr,tud
427 1868 458 1916 ed
466 1869 600 1916 uniuersum
607 1867 670 1932 ipsos
678 1869 788 1917 rirtrrtnn
798 1873 927 1935 respexisse
933 1871 1073 1936 putendum,
1080 1879 1106 1921 et
1115 1887 1157 1936 per
1163 1870 1213 1920 sin·

119 1955 187 2017 guter
195 1967 276 2002 cerum
285 1952 379 2016 speeies
388 1951 455 2014 leges
468 1950 590 2014 quesisse,
601 1965 647 1998 nec
661 1965 703 1999 ees
715 1951 808 2014 speeies
825 1952 989 2016 investigasse,
997 1969 1057 2018 ques
1063 1953 1133 2002 muiti
1138 1951 1213 2001 mudd

117 2041 280 2099 proponentes
288 2039 404 2097 quarunt.
420 2032 445 2080 id
452 2031 517 2080 enirn
525 2031 625 2095 quisque
635 2032 736 2080 menime
745 2047 848 2096 querere
860 2033 929 2089 suist,
940 2036 1096 2098 qnornnrinte
1104 2033 1211 2099 indigetr

121 2115 184 2164 eiius
193 2115 224 2165 de
239 2113 379 2170 succinte,
388 2111 448 2162 nlius
461 2111 492 2161 de
507 2111 599 2178 injuris,
608 2112 669 2162 elius
684 2112 715 2160 de
732 2113 816 2162 ceteris
825 2113 959 2179 huJusrnudi
974 2116 1064 2165 multis.
1080 2111 1212 2164 nossutstn

121 2205 178 2246 tnnc
187 2198 219 2246 de
229 2197 323 2261 iegibus
332 2196 395 2246 bene
404 2194 478 2258 queri
489 2201 606 2258 putemus,
617 2209 672 2242 enm
681 2193 723 2250 ite,
734 2194 809 2260 [dil]
822 2203 850 2242 ut
858 2211 904 2244 nos
913 2197 985 2244 modo
996 2193 1138 2262 incepimus,
1145 2207 1212 2260 qun-

121 2279 187 2328 ritur.
202 2293 232 2328 sn
242 2288 310 2328 munt
318 2275 429 2342 equidem
439 2277 572 2340 inpensum
586 2275 618 2324 nd
628 2275 782 2340 exponendae
792 2276 858 2341 leges
868 2277 937 2325 eride
947 2277 1030 2342 probo.
1046 2279 1110 2342 qnod
1122 2278 1187 2326 enirn
1197 2281 1213 2326 ι’

122 2359 210 2422 brute
220 2359 298 2410 isdsti
307 2358 457 2424 priutn'piunr,
467 2353 550 2407 dioe'ns
567 2357 633 2422 leget
650 2357 742 2408 virtutis
759 2358 835 2422 gretie
851 2358 968 2416 conditus,
979 2365 1044 2407 recte
1063 2359 1160 2424 quidem
1170 2375 1213 2424 eg·

121 2455 222 2505 gruson
234 2455 286 2490 esse
295 2440 379 2490 rideris
388 2458 394 2488 :
412 2438 479 2506 quod
489 2447 569 2488 ruteni
578 2441 609 2488 ed
620 2441 759 2506 peniculum
768 2439 869 2496 virtutis,
879 2447 905 2488 et
914 2455 969 2488 enm
977 2439 1108 2497 tninimem,
1116 2453 1216 2504 respex-

122 2521 173 2572 itss
189 2521 335 2588 condituretn
349 2521 428 2586 ieguru
447 2521 574 2579 effirnrssti,
585 2522 648 2570 bend
664 2528 727 2573 recte
746 2521 805 2570 tnibi
821 2522 887 2569 visus
904 2535 932 2569 es
947 2521 1035 2578 dicen,
1047 2529 1117 2586 etque
1127 2521 1216 2570 iccirco

122 2601 233 2668 longiore
242 2611 326 2668 preter
335 2604 440 2654 notione
449 2617 505 2652 usns
515 2619 576 2654 sntn.
592 2602 711 2668 quomodo
720 2612 801 2652 nutent
809 2612 834 2652 te
843 2603 914 2652 nobie
924 2603 1068 2668 distinguere
1078 2595 1215 2662 voluissem,

122 2685 200 2744 siris,
210 2684 255 2734 tibi
265 2683 351 2736 dicen.
367 2683 426 2734 Ccr.
443 2683 504 2734 Voio
513 2685 632 2750 equidem.
648 2686 751 2736 Arnen.
765 2685 837 2734 Hunc
847 2684 874 2732 in
887 2685 985 2733 modum
995 2683 1075 2734 dicere
1085 2685 1218 2750 oportebat,

127 2782 142 2815 u
151 2767 248 2831 bospes.
264 2765 412 2818 Cretensium
423 2767 490 2832 leges
499 2781 548 2815 uon
559 2775 648 2814 temere
659 2767 769 2815 omnibus
784 2765 876 2814 Grecis
884 2765 910 2813 in
918 2766 999 2830 primis
1008 2767 1144 2832 probentur.
1154 2771 1218 2814 recte

125 2849 191 2896 eninr
200 2849 285 2912 pun'tn
295 2855 360 2906 unt,
371 2863 426 2897 cunt
435 2854 530 2896 ntenns
541 2848 577 2896 eis
585 2848 667 2896 Metus
677 2847 788 2898 efficient.
805 2845 885 2895 omnis
894 2848 958 2895 enirn
968 2847 1031 2896 bone
1039 2847 1078 2895 bis
1087 2839 1218 2912 porrigunt.

124 2928 233 2993 duplicis
241 2929 366 2978 recubum
372 2936 437 2986 mut,
447 2930 495 2978 nih
505 2931 616 2988 burnus,
627 2931 708 2978 dirius
717 2929 780 2978 elis:
792 2929 977 2994 dependentqne
988 2940 1003 2977 e
1013 2927 1098 2978 divinis
1107 2930 1219 2977 humere.

123 3010 145 3058 ei
154 3025 203 3074 qne
211 3025 267 3060 reru
276 3009 361 3060 ciritee
370 3009 461 3074 ntsjurn
470 3011 583 3075 msoepit,
592 3010 685 3060 minore
693 3025 789 3074 quoqne
808 3009 916 3074 possidet
928 3025 934 3056 t
952 3010 989 3058 sin
1000 3001 1135 3058 autemillis
1145 3019 1220 3065 met,

125 3091 233 3157 utrisque
241 3092 357 3156 priretnr.
373 3092 489 3142 minorum
499 3093 602 3157 primurn
619 3101 657 3140 est
667 3091 765 3150 renites,
775 3092 851 3139 iorme
861 3090 1001 3147 secuudum,
1011 3091 1106 3138 tertium
1117 3089 1178 3137 eires
1188 3087 1220 3137 ed

125 3187 222 3223 eorm
231 3181 370 3237 nemusque
380 3174 481 3238 corporis
495 3181 583 3238 monis,
594 3180 701 3238 qnertnrn
713 3166 811 3228 diiitin,
823 3185 876 3234 ques
887 3185 957 3217 once
965 3165 1014 3216 noir
1024 3175 1087 3224 sunt,
1096 3167 1140 3216 sed
1150 3163 1221 3217 ecuts'

123 3260 237 3310 cernunt,
247 3253 400 3318 eiptudenter
414 3263 551 3320 coquum
566 3269 620 3318 que
636 3253 733 3317 quidem
748 3251 877 3315 perdentia
891 3249 1026 3297 divinum
1041 3246 1155 3296 bonomni
1170 3247 1221 3296 dur

122 3335 220 3400 prienes
228 3335 328 3383 uenit
342 3335 427 3384 deinde
437 3339 493 3399 pust
501 3342 605 3384 mentem
617 3339 762 3398 temperetur
769 3330 841 3379 enimi
851 3330 954 3378 nenne.
970 3343 999 3376 er
1006 3329 1044 3376 bis
1053 3329 1154 3384 dnobus,
1164 3341 1221 3402 cunt

121 3414 269 3464 iocundius
279 3415 362 3473 mixtis,
369 3416 461 3482 justitie
474 3417 546 3466 tertio
556 3414 663 3478 emergit.
678 3411 792 3462 fortitudo
809 3417 917 3476 qnsrtntn
927 3418 994 3459 tenet
1004 3409 1090 3459 locum.
1106 3423 1159 3474 quts
1169 3423 1223 3458 orn·

122 3497 167 3546 nin
176 3497 287 3546 imunt·
296 3495 345 3546 ttt'n
355 3506 438 3548 netues
451 3503 627 3562 preponuntur.
642 3509 714 3559 quere
725 3499 818 3558 oportet
830 3499 859 3541 ut
868 3491 947 3556 legum
955 3503 1050 3556 quoque
1065 3491 1125 3539 ietor
1134 3495 1160 3536 et
1169 3487 1224 3554 ipse·

123 3579 191 3626 hune
200 3577 310 3628 ordinent
327 3585 447 3641 sequetur,
458 3585 484 3625 st
494 3576 591 3626 innudet
600 3575 707 3625 omnibus
721 3583 749 3622 ut
763 3589 857 3638 semper
864 3575 895 3622 ed
906 3573 957 3622 hnc
967 3567 1020 3638 ipsn'
1034 3569 1187 3637 respicientes
1197 3570 1224 3619 iri

125 3659 229 3722 singulis
235 3665 372 3724 operentur.
386 3659 491 3707 bnnrsne
500 3657 564 3706 enirn
579 3657 611 3706 ed
628 3657 719 3714 dirius,
727 3655 811 3704 divine
817 3670 874 3703 veru
885 3655 915 3704 ud
926 3661 1032 3702 urentem
1044 3651 1176 3717 principem
1187 3665 1224 3700 re·

126 3737 235 3789 ier'ends.
250 3745 438 3803 curstpretteres
452 3747 547 3802 oportet
557 3737 652 3804 nuptias
668 3737 729 3786 inter
739 3737 805 3786 eires
814 3734 1010 3800 etgeuerntiones
1022 3733 1225 3797 educetiouesqne

126 3821 263 3884 liberum,
275 3819 432 3889 meoniorum
443 3821 532 3885 puriter
551 3825 577 3868 et
585 3819 730 3876 feninorum,
745 3827 792 3866 tem
807 3818 919 3884 juvenum
930 3830 1001 3880 quern
1020 3821 1090 3864 ente
1100 3803 1227 3879 provecto-¹

127 3913 285 3958 ωιτη.
295 3900 338 3967 qni
352 3909 417 3950 reete
437 3901 463 3950 in
475 3901 541 3952 bisce
558 3917 584 3950 se
601 3909 693 3965 gerunt,
702 3907 731 3949 ut
743 3899 821 3956 decet,
833 3899 941 3954 honoret,
959 3907 1040 3946 contre
1057 3895 1227 3954 rsrodolores,

127 3981 296 4048 voiuptsteset
306 3981 451 4047 cupiditetss
467 3983 493 4030 iu
508 3983 573 4032 omni
590 3981 767 4032 conuersatione
783 3980 908 4044 vituperet.
926 3977 1000 4045 [dii]
1012 3977 1172 4028 considerabit
1182 3978 1227 4027 eti·

126 4079 170 4112 m
179 4063 314 4128 tingente,
324 4066 355 4114 ed
366 4080 420 4128 quus
430 4064 509 4114 studio
525 4079 643 4129 quemque
655 4071 731 4128 reptet
742 4077 819 4111 emor:
838 4069 948 4126 rectaque
960 4057 1037 4109 officie
1045 4075 1088 4124 per
1097 4059 1163 4124 leger
1176 4060 1231 4108 isu-

128 4144 362 4210 dnntnttnperebn
372 4147 498 4196 contrarie.
514 4147 610 4196 docebit
628 4147 684 4195 item
701 4151 772 4210 etque
791 4142 898 4206 definiet,
906 4141 965 4207 quid
974 4142 999 4190 in
1015 4139 1130 4207 cujusque
1139 4141 1228 4190 effectu

128 4226 256 4276 numm
263 4227 305 4286 sit,
315 4227 375 4292 quid
385 4235 463 4292 turpe,
474 4229 537 4278 circe
546 4229 603 4278 irem
616 4227 728 4278 videlicet
738 4234 809 4291 etque
819 4231 908 4274 metum
918 4230 944 4272 et
954 4223 1022 4282 elius,
1032 4237 1180 4288 quiscunque
1190 4219 1230 4269 rci

129 4303 236 4359 destris
245 4306 272 4355 in
282 4308 353 4358 rebor
370 4308 484 4360 occidunt
499 4309 696 4375 perturbationes,
705 4307 744 4356 rei
754 4307 864 4357 secundis
874 4307 979 4364 delicies,
991 4313 1063 4370 etque
1074 4303 1138 4354 circs
1147 4315 1230 4351 omnes

128 4385 236 4452 dantus
246 4395 335 4454 nieme,
344 4390 387 4454 qui
395 4406 425 4440 ex
442 4391 533 4450 morbo,
542 4391 615 4456 belin,
626 4397 764 4457 propertrte
782 4389 820 4438 rel
830 4389 912 4438 borum
927 4387 1048 4438 contrariis
1057 4385 1165 4435 hominen
1174 4397 1230 4432 rex·

129 4473 183 4520 sni·
198 4477 258 4534 post
268 4470 320 4522 boc
331 4483 430 4522 secuse
439 4479 485 4530 eet,
496 4479 523 4522 nt
531 4473 653 4539 legisistor
670 4478 771 4538 questus
781 4471 947 4536 impensesque
956 4469 1043 4520 civium
1054 4465 1179 4530 diiigenter
1189 4461 1232 4511 ob·

130 4555 225 4612 emen
231 4558 266 4608 et.
277 4553 397 4617 ennete
409 4553 476 4612 fient,
487 4565 608 4624 emicet,
618 4554 759 4609 coemeret«
770 4554 828 4606 itern
843 4553 868 4604 in
884 4553 921 4601 bis
934 4549 1042 4600 omnibus
1059 4561 1087 4596 rc
1095 4539 1234 4674 releguntur

200 4631 270 4683 Pur.
279 4633 322 4685 Tr.
709 4637 745 4686 11.
1118 4630 1135 4676 Ἃ
