3160 5314
356 493 396 558 oo
555 569 557 573 v
795 492 995 560 rurrours
1373 477 1443 577 [err

353 651 405 716 Ege
415 651 511 715 quidem
520 647 635 698 etistlnre.
669 647 711 698 80.
727 645 816 696 Nonne
833 648 914 713 igitur,
930 665 945 696 0
961 647 1145 715 Thrasymtcbe‚
1162 649 1224 700 sicut
1231 649 1283 714 jam
1299 649 1446 700 meniiesrum

350 737 394 788 est,
404 729 468 778 nulla
479 745 514 777 ars
525 727 650 792 nullusque
660 727 807 790 megisustus
818 727 865 776 sihi
875 729 969 791 quidem
978 728 1102 778 utilitatem
1111 729 1179 793 perit,
1189 731 1240 788 sed,
1247 731 1444 796 quemsdmedum

351 811 376 860 in
387 809 545 874 superioribus
556 809 701 864 dicebamus,
712 807 777 870 quod
789 807 897 872 subjecto
908 807 1007 864 confert,
1020 818 1085 872 parat
1097 817 1123 858 et
1132 811 1240 874 imperet,
1250 811 1367 860 interioris
1386 811 1448 860 illius

350 890 500 940 commodum
511 903 611 951 temper,
622 901 670 934 nen
681 885 816 950 superioris,
827 887 965 951 inspiciens.
997 888 1037 936 Ob
1048 890 1100 938 hnc
1109 890 1191 954 itaque
1200 907 1245 955 ego
1263 905 1349 954 nuper,
1360 907 1375 940 e
1393 906 1445 942 cere

350 969 534 1036 Thrasymache‚
544 969 652 1017 dicebam
665 966 781 1016 neminem
794 966 910 1014 veientem
922 966 1044 1031 imperium
1056 969 1183 1034 suscipere,
1194 979 1218 1018 et
1229 970 1358 1019 alienorum
1374 971 1444 1020 malo·

350 1067 401 1100 runs
412 1052 484 1100 ultrro
495 1048 684 1098 emendationem
696 1045 801 1110 aggredi,
813 1045 854 1093 sed
867 1045 987 1109 praemium
999 1061 1119 1110 quereres
1137 1049 1249 1114 queniam
1267 1049 1308 1114 qui
1326 1052 1400 1116 [tel]
1418 1067 1444 1100 cx

349 1140 398 1182 arte
409 1139 576 1182 rectesctnrus
586 1127 626 1184 sit,
637 1141 757 1192 nunquam
777 1127 803 1174 in
822 1141 889 1174 suurn
909 1125 959 1190 agit
976 1128 1137 1186 commodum,
1149 1131 1279 1180 secundum
1297 1130 1371 1194 ipsius
1390 1132 1445 1182 attia

348 1213 482 1277 imperium,
492 1211 534 1260 sed
544 1211 575 1259 ad
585 1207 700 1258 interieris
712 1207 847 1256 utilitatem.
880 1207 1047 1264 Quamobrem,
1058 1215 1085 1256 et
1100 1209 1201 1266 videtur,
1213 1211 1334 1274 praemium
1353 1227 1443 1276 ponen-

349 1293 406 1342 dum
417 1300 453 1342 est
463 1291 508 1354 his,
518 1291 559 1356 qui
579 1289 678 1339 libenter
698 1286 848 1353 gubematun'
865 1286 921 1343 sint,
932 1303 974 1336 seu
993 1295 1113 1352 argentum
1133 1290 1183 1338 sire
1202 1291 1347 1349 bener,aire
1366 1308 1444 1356 prena,

347 1373 527 1438 nisiimperinru
537 1370 640 1434 capiant.
673 1368 761 1418 Gusu.
779 1367 906 1424 Quomodo
923 1366 988 1416 istud
1008 1368 1079 1425 ais,e
1099 1369 1227 1420 Socrates?
1258 1370 1376 1437 Equidem
1395 1373 1442 1422 duo

345 1453 443 1520 prumia
453 1451 525 1500 noris
543 1449 653 1498 mulctam
664 1461 799 1511 veroquam
810 1445 884 1508 dicas,
895 1453 920 1495 et
930 1447 1052 1512 quomodo
1062 1447 1087 1496 in
1098 1450 1211 1499 mercedis
1220 1457 1286 1516 perte
1297 1467 1381 1516 ponas,
1392 1468 1438 1501 non

345 1534 411 1583 nerl.
444 1533 487 1582 80.
504 1529 567 1594 Ergo
577 1529 719 1592 eptlmerum
730 1527 851 1590 premium
863 1526 966 1592 ignoras,
976 1527 1045 1592 eujus
1056 1528 1131 1592 grstia
1150 1529 1267 1593 imperant
1286 1531 1370 1596 optimi
1387 1531 1439 1588 siri,

343 1613 454 1678 quotiens
464 1611 592 1660 admittunt
602 1607 735 1672 imperium.
752 1623 784 1656 an
799 1614 823 1656 te
843 1608 910 1665 lstet,
921 1615 946 1656 et
963 1607 1112 1658 embitiosom
1130 1625 1181 1660 ease
1200 1619 1226 1660 et
1243 1627 1337 1662 ererum
1358 1614 1440 1677 probro

342 1693 423 1741 baberi
434 1699 505 1756 atque
516 1689 584 1738 essei
618 1687 661 1737 80.
678 1686 743 1736 Nori
754 1686 874 1750 equidem.
906 1687 949 1736 80.
966 1688 1085 1754 Hacerge
1104 1690 1135 1738 de
1153 1706 1224 1740 censs
1243 1708 1321 1758 neque
1340 1693 1441 1758 pecunie

343 1788 421 1838 neque
431 1774 519 1820 honore
529 1769 595 1818 docti
605 1767 662 1816 beni
673 1767 781 1816 hemines
800 1767 915 1832 imperare
933 1769 1026 1818 volunt.
1041 1785 1120 1835 neque
1137 1771 1199 1820 enim
1218 1779 1299 1836 sperte
1317 1775 1440 1838 pscooiser

343 1854 489 1918 magistratus
499 1850 620 1916 premium
631 1848 778 1913 recipientes
790 1850 927 1898 mercenarii
937 1850 1015 1900 vecari
1026 1850 1118 1906 uolunt,
1131 1867 1208 1915 neque
1219 1851 1362 1912 clanculum,
1370 1854 1442 1906 iures.

342 1947 421 1998 neque
430 1947 507 1980 mrsus
516 1929 612 1977 honeris
623 1943 711 1978 cause:
730 1929 852 1978 nonenim
870 1929 988 1978 ambitiosi
1007 1938 1070 1981 susst.
1104 1931 1206 1996 Oportet
1225 1931 1297 1996 igitur
1313 1934 1441 1984 necessitu-

274 2011 280 2032 “
342 2024 388 2064 tem
399 2013 445 2062 illis
456 2011 546 2076 imponi
565 2017 590 2058 et
600 2009 721 2067 mulctam,
733 2009 753 2057 ai
771 2009 913 2075 impellendi
931 2018 987 2060 sunt
1004 2019 1032 2060 ut
1050 2012 1124 2060 veiint
1142 2013 1300 2076 megiatrutnm
1319 2013 1437 2078 accipere.

341 2094 499 2154 Qusmobrem
511 2091 603 2140 ridetur
614 2097 682 2154 turpe
693 2091 785 2148 baberi,
795 2099 822 2138 ut
832 2091 885 2156 quis
905 2101 991 2156 sponte
1010 2093 1042 2141 sd
1060 2093 1222 2158 imperandum
1241 2093 1339 2142 accedat
1357 2109 1437 2158 neque

340 2181 461 2240 exspectet
470 2171 641 2222 nwessitatem.
659 2171 756 2220 maxima
767 2187 821 2221 rere
835 2172 973 2222 muloterum
984 2181 1021 2222 est
1031 2172 1226 2222 administrationi
1239 2171 1352 2222 malorum
1360 2173 1438 2236 subji-

340 2258 371 2315 ei,
382 2256 429 2304 nisi
440 2256 490 2320 ipse
506 2253 623 2316 acceperit
642 2251 675 2301 rei
694 2251 796 2316 publicas
815 2252 1006 2316 gubernaculum.
1023 2253 1084 2301 banc
1101 2251 1182 2316 utique
1200 2267 1294 2316 prenam
1313 2253 1439 2309 timentes,

338 2337 486 2400 megistratus
495 2348 580 2397 capere
591 2332 658 2396 probi
669 2332 775 2380 homines
785 2333 842 2380 mihi
853 2333 970 2390 ridentur,
980 2333 1105 2396 siquando
1115 2332 1231 2396 capiunt:
1248 2340 1274 2381 et
1284 2338 1341 2382 tunc
1352 2332 1383 2382 ad
1394 2347 1438 2382 ees

338 2418 456 2468 secedunt
465 2431 513 2463 nen
525 2425 636 2478 tanquam
647 2411 677 2460 ad
690 2412 778 2460 bonum
789 2411 895 2476 aliquod,
906 2427 983 2476 neque
1001 2419 1112 2476 tanquam
1123 2427 1153 2460 ex
1170 2410 1207 2460 his
1226 2411 1373 2476 voluptatem
1392 2413 1438 2462 ali·

338 2512 408 2562 quam
419 2495 548 2560 cupientes,
559 2493 600 2544 sed
613 2499 724 2556 tanqusm
742 2493 772 2540 sd
791 2507 839 2541 rem
859 2492 1087 2556 necesssriam,cum
1106 2507 1185 2556 neque
1204 2491 1339 2542 melioribus
1356 2508 1436 2558 neque

335 2577 486 2627 similibusse
507 2573 654 2624 committere
677 2573 779 2623 versem.
813 2571 910 2636 Quippe
930 2571 951 2620 si
970 2573 1082 2620 0000000
1104 2572 1204 2620 uirorum
1223 2580 1325 2622 erstsret
1342 2572 1435 2636 civitas,

335 2660 361 2708 in
381 2673 419 2722 ea,
440 2665 467 2705 ut
487 2655 596 2716 arbitmr‚
615 2654 679 2702 haud
700 2652 769 2701 aliter
788 2667 836 2700 non
857 2651 990 2716 impetendi
1010 2652 1085 2716 gretie
1107 2658 1259 2714 pugnaretur,
1279 2668 1350 2718 quam
1370 2669 1435 2703 nuuc

335 2746 436 2788 certetur
444 2736 576 2802 impersndi
587 2734 738 2798 cupiditate:
756 2732 837 2797 ibique
848 2739 948 2796 peteret,
959 2747 1037 2782 revers
1049 2731 1178 2796 legitimum
1192 2732 1321 2798 principem
1331 2749 1379 2782 nen
1394 2735 1434 2784 sui

332 2817 416 2882 ipsius,
426 2817 468 2864 sed
479 2815 532 2878 ejus
552 2814 593 2878 qui
610 2813 654 2861 snb
670 2812 725 2876 ipse
744 2818 789 2867 est,
800 2811 990 2860 commoditatem
1009 2809 1133 2876 respicere.
1166 2812 1246 2870 Quare
1264 2814 1434 2878 unusquisque,

333 2897 376 2960 qui
386 2909 434 2942 nen
445 2909 526 2942 eruens
537 2893 577 2954 sit,
588 2893 668 2956 petius
678 2891 752 2956 eliget
762 2891 834 2940 alium
843 2891 888 2940 sibi
900 2892 1018 2955 prodesse,
1029 2906 1109 2956 quaro,
1120 2893 1177 2940 durn
1188 2892 1240 2941 aliis
1250 2892 1301 2958 ipse
1319 2893 1434 2949 consulit,

333 2991 384 3027 sese
395 2972 496 3038 negotiis
506 2972 635 3036 implicare.
668 2971 723 3021 Hoc
734 2971 806 3035 igitur
816 2988 862 3035 ego
872 2971 1047 3036 Thrssymaobo
1059 2971 1124 3022 nulle
1137 2980 1207 3038 pseto
1216 2973 1331 3035 cencede,
1339 2972 1432 3036 justum

333 3039 428 3124 quidem
437 3070 488 3104 ease
498 3053 639 3120 potentioris
650 3052 785 3102 utilitatem.
801 3068 880 3101 rerum
892 3054 937 3100 bec
947 3052 1062 3116 deinceps
1080 3054 1283 3116 considerandum,
1294 3052 1368 3100 multo
1388 3067 1432 3100 00-

333 3147 380 3188 tem
391 3135 448 3186 mibi
459 3134 536 3200 majus
547 3133 642 3201 ridetur
659 3149 719 3190 esse,
730 3134 793 3198 qued
814 3149 878 3182 nuuc
896 3133 1085 3199 Thrasymachus
1108 3134 1241 3189 dicineum
1258 3131 1338 3196 injusti
1357 3131 1431 3182 vitem

333 3219 451 3268 meliorem
466 3217 516 3265 rita
530 3213 590 3280 justi
608 3229 660 3264 esre
677 3214 785 3263 sffirmet.
816 3213 852 3262 Tu
864 3213 955 3278 itsque,
966 3229 981 3262 0
992 3213 1094 3278 610000,
1106 3222 1182 3264 utrum
1202 3214 1297 3262 istorum
1315 3221 1429 3278 tunquam

331 3299 408 3348 verius
418 3297 506 3362 eligis?
539 3295 626 3345 (issu.
642 3294 706 3344 Justi
718 3294 790 3344 vitem
812 3295 925 3360 potiorem
947 3295 1063 3344 existimo.
1096 3295 1141 3346 80.
1156 3295 1262 3353 Audisti,
1280 3292 1353 3357 [tte]
1370 3303 1432 3359 quet

332 3379 470 3444 pruiotnte
488 3375 581 3441 injuste
599 3375 654 3424 rite
674 3377 736 3426 bons
754 3375 944 3440 Thrasymachus
962 3375 1116 3426 numerabat?
1150 3376 1238 3426 Geso.
1254 3375 1344 3424 Audiri
1361 3375 1431 3440 equi-

330 3459 402 3508 dems
421 3473 469 3508 nou
481 3466 558 3508 tamen
569 3456 690 3506 assentior.
723 3457 769 3508 So.
784 3455 858 3505 Visne
869 3457 905 3506 illi
925 3457 1121 3522 monstremus,si
1138 3472 1186 3520 quo
1205 3456 1276 3505 mede
1296 3471 1434 3520 possumus,

329 3555 447 3589 reraeum
457 3538 552 3587 minime
572 3537 667 3586 dicere?
700 3535 788 3586 6000.
805 3535 898 3593 Quidni
918 3537 1005 3586 reliso?
1039 3537 1123 3588 sest
1141 3536 1269 3586 orstiouem
1289 3537 1430 3586 connerism

329 3619 429 3668 orationi
445 3619 509 3668 illins
527 3617 676 3682 objicientes,
695 3615 762 3680 quasi
785 3617 962 3680 comparatione
983 3618 1084 3681 quadam
1106 3617 1236 3681 preposite,
1256 3632 1431 3675 enumeremus,

330 3707 389 3762 quet
397 3700 494 3762 insuper
505 3699 568 3746 bona
578 3698 619 3762 qui
627 3695 706 3760 justus
718 3696 750 3758 sit
759 3703 925 3760 consequntur,
935 3712 963 3747 00
974 3697 1013 3746 ilie
1026 3713 1102 3746 rursus
1119 3697 1226 3747 conterat
1244 3713 1295 3755 sus,
1307 3699 1429 3762 oportebit

329 3786 356 3826 nt
366 3779 447 3826 tertius
457 3779 540 3843 aliquis
551 3786 672 3828 enumeret
682 3778 765 3827 iterum
777 3777 933 3842 metiaturque
945 3779 1016 3836 bens,
1026 3786 1179 3843 quotcunque
1191 3778 1283 3844 utrique
1294 3778 1318 3827 in
1327 3786 1430 3843 utreque

327 3857 473 3919 collegimus,
484 3867 555 3922 etque
566 3859 600 3907 ita
614 3857 736 3922 judicibus
748 3857 888 3922 quibusdum
906 3859 1082 3910 altercationem
1103 3860 1164 3908 hene
1182 3859 1346 3908 dirimentibus
1366 3875 1431 3924 epua

328 3936 382 3984 erit.
413 3937 455 3984 Sin
466 3945 554 3993 autem,
565 3941 761 4002 quemsdmodum
773 3955 849 4004 nuper
859 3939 984 4004 ecepimus,
994 3940 1090 3990 slterois
1108 3939 1299 3989 concessionibus
1314 3939 1428 3988 edductis

327 4018 351 4066 in
371 4016 474 4063 medium
493 4032 539 4065 rem
558 4019 632 4082 ipsum
651 4021 814 4077 discutiemus,
835 4028 936 4069 emtores
955 4021 1001 4086 ipsi
1022 4037 1065 4069 nea
1086 4019 1154 4068 simul
1174 4027 1199 4068 et
1212 4017 1307 4082 jndices
1330 4018 1427 4067 erimus.

327 4097 414 4147 Gustu,
430 4095 469 4143 Sic
480 4103 515 4143 est
523 4098 629 4149 omnino.
651 4101 694 4150 80.
708 4101 767 4150 Uter
777 4101 821 4148 tibi
831 4102 915 4150 modos
927 4101 1000 4164 magis
1011 4100 1106 4164 plseetl
1132 4099 1219 4148 Guso.
1233 4097 1292 4148 Iste.
1319 4097 1362 4146 8ο.
1373 4097 1428 4162 Age

325 4177 405 4242 igitur,
417 4173 623 4238 eThrusymsche,
634 4181 750 4245 responde
761 4182 830 4232 nobis
841 4197 855 4230 a
867 4181 992 4245 principie.
1025 4180 1134 4228 Affineaa
1145 4189 1171 4227 tu
1182 4179 1280 4244 quidem
1299 4185 1427 4228 extremum

323 4255 463 4322 injustitiam
475 4261 576 4303 extrema
586 4255 680 4319 justitie
692 4262 807 4311 utiliorem
819 4263 888 4312 esse?
921 4261 1009 4310 Tuea-
1025 4261 1124 4310 Adirme
1134 4261 1256 4324 equidem,
1266 4267 1291 4308 el
1310 4257 1427 4310 rationem

323 4337 401 4388 attuli.
434 4334 475 4384 So.
492 4334 557 4392 Quid
569 4336 600 4382 ad
611 4337 673 4386 hee?
690 4343 797 4405 nunquid
808 4343 903 4391 istorum
915 4358 986 4392 unum
997 4341 1114 4398 virtutem,
1126 4340 1224 4389 alterurn
1236 4339 1317 4388 vitium
1335 4339 1429 4389 rocas?

321 4419 410 4470 TUM·
428 4416 537 4475 Quidni?
571 4415 614 4464 80,
632 4415 720 4468 Nonne
736 4421 852 4483 justitiam
871 4423 968 4488 quidem
989 4421 1108 4478 virtutem,
1128 4420 1268 4484 injustitiam
1287 4425 1365 4466 sutem
1388 4420 1426 4467 ui·

322 4499 398 4547 tium?
430 4497 516 4548 Turta.
534 4496 572 4545 An
584 4495 647 4545 istud
659 4497 735 4557 lateri,
747 4501 781 4550 rir
793 4501 881 4566 lepide,
892 4502 950 4551 mibi
961 4503 1082 4565 convenit,
1094 4500 1134 4564 qui
1152 4501 1292 4564 injustitism
1311 4499 1425 4562 prodesse

321 4578 533 4641 dicem,justitium
544 4577 659 4628 minime?
693 4578 735 4629 80.
753 4582 817 4640 Quid
839 4585 912 4648 ergo?
945 4583 1032 4634 Το00.
1052 4581 1211 4632 Contrarium.
1243 4581 1344 4632 80.Δο
1364 4582 1425 4630 lorte
