<?xml version="1.0" encoding="UTF-8"?>
<!DOCTYPE html PUBLIC "-//W3C//DTD XHTML 1.0 Transitional//EN"
    "http://www.w3.org/TR/xhtml1/DTD/xhtml1-transitional.dtd">
<html xmlns="http://www.w3.org/1999/xhtml" xml:lang="en" lang="en">
 <head>
  <title>
</title>
<meta http-equiv="Content-Type" content="text/html;charset=utf-8" />
  <meta name='ocr-system' content='tesseract 3.04.00' />
  <meta name='ocr-capabilities' content='ocr_page ocr_carea ocr_par ocr_line ocrx_word'/>
</head>
<body>
  <div class='ocr_page' id='page_1' title='image "./platonisetquaev05bekkgoog_0353.png"; bbox 0 0 3098 5314; ppageno 0'>
   <div class='ocr_carea' id='block_1_1' title="bbox 135 523 1236 606">
    <p class='ocr_par' dir='ltr' id='par_1_1' title="bbox 135 523 1236 606">
     <span class='ocr_line' id='line_1_1' title="bbox 135 523 1236 606; baseline 0.011 -16"><span class='ocrx_word' id='word_1_1' title='bbox 135 523 212 606; x_wconf 76' lang='lat' dir='ltr'><strong>tet]</strong></span> <span class='ocrx_word' id='word_1_2' title='bbox 473 529 528 590; x_wconf 75' lang='lat' dir='ltr'><strong>on</strong></span> <span class='ocrx_word' id='word_1_3' title='bbox 550 527 721 592; x_wconf 74' lang='lat' dir='ltr'><strong>inntens</strong></span> <span class='ocrx_word' id='word_1_4' title='bbox 743 529 819 595; x_wconf 79' lang='lat' dir='ltr'><strong>nro.</strong></span> <span class='ocrx_word' id='word_1_5' title='bbox 842 534 894 594; x_wconf 80' lang='lat' dir='ltr'><strong>w.</strong></span> <span class='ocrx_word' id='word_1_6' title='bbox 1168 541 1236 602; x_wconf 79' lang='lat' dir='ltr'><strong>unu</strong></span> 
     </span>
    </p>
   </div>
   <div class='ocr_carea' id='block_1_2' title="bbox 123 675 1232 4076">
    <p class='ocr_par' dir='ltr' id='par_1_2' title="bbox 123 675 1232 4076">
     <span class='ocr_line' id='line_1_2' title="bbox 129 675 1232 752; baseline 0.01 -18"><span class='ocrx_word' id='word_1_7' title='bbox 129 678 344 740; x_wconf 71' lang='lat' dir='ltr'><strong>m&#39;diaer&#39;nnoa</strong></span> <span class='ocrx_word' id='word_1_8' title='bbox 358 677 461 733; x_wconf 73' lang='lat' dir='ltr'><strong>ertalne</strong></span> <span class='ocrx_word' id='word_1_9' title='bbox 481 675 557 740; x_wconf 75' lang='lat' dir='ltr'><strong>nebia</strong></span> <span class='ocrx_word' id='word_1_10' title='bbox 568 686 677 736; x_wconf 77' lang='lat' dir='ltr'><strong>medente</strong></span> <span class='ocrx_word' id='word_1_11' title='bbox 695 681 781 737; x_wconf 76' lang='lat' dir='ltr'><strong>diota?</strong></span> <span class='ocrx_word' id='word_1_12' title='bbox 812 689 872 739; x_wconf 78' lang='lat' dir='ltr'><strong>Cu.</strong></span> <span class='ocrx_word' id='word_1_13' title='bbox 888 685 1004 752; x_wconf 73' lang='lat' dir='ltr'><strong>Qinnarn</strong></span> <span class='ocrx_word' id='word_1_14' title='bbox 1026 693 1093 742; x_wconf 80' lang='lat' dir='ltr'><strong>luo?</strong></span> <span class='ocrx_word' id='word_1_15' title='bbox 1124 685 1232 744; x_wconf 64' lang='lat' dir='ltr'><strong>Annae·</strong></span> 
     </span>
     <span class='ocr_line' id='line_1_3' title="bbox 135 763 1228 834; baseline 0.01 -20"><span class='ocrx_word' id='word_1_16' title='bbox 135 763 220 823; x_wconf 67' lang='lat' dir='ltr'><strong>vetus,</strong></span> <span class='ocrx_word' id='word_1_17' title='bbox 233 764 849 834; x_wconf 67' lang='lat' dir='ltr'><strong>elegum,labntapnn·nuanohiututur,utque</strong></span> <span class='ocrx_word' id='word_1_18' title='bbox 860 772 1090 822; x_wconf 79' lang='lat' dir='ltr'><strong>auetoriaonrnilrno</strong></span> <span class='ocrx_word' id='word_1_19' title='bbox 1103 775 1228 824; x_wconf 83' lang='lat' dir='ltr'><strong>oontirrua·</strong></span> 
     </span>
     <span class='ocr_line' id='line_1_4' title="bbox 131 842 1229 924; baseline 0.012 -32"><span class='ocrx_word' id='word_1_20' title='bbox 131 855 177 901; x_wconf 77' lang='lat' dir='ltr'><strong>un,</strong></span> <span class='ocrx_word' id='word_1_21' title='bbox 194 842 301 909; x_wconf 76' lang='lat' dir='ltr'><strong>poitaar,</strong></span> <span class='ocrx_word' id='word_1_22' title='bbox 312 845 409 910; x_wconf 85' lang='lat' dir='ltr'><strong>qnando</strong></span> <span class='ocrx_word' id='word_1_23' title='bbox 418 845 443 894; x_wconf 90' lang='lat' dir='ltr'><strong>iu</strong></span> <span class='ocrx_word' id='word_1_24' title='bbox 454 847 532 924; x_wconf 71' lang='lat' dir='ltr'><strong>iloto</strong></span> <span class='ocrx_word' id='word_1_25' title='bbox 542 848 637 910; x_wconf 84' lang='lat' dir='ltr'><strong>tripede</strong></span> <span class='ocrx_word' id='word_1_26' title='bbox 649 848 725 906; x_wconf 81' lang='lat' dir='ltr'><strong>redet.</strong></span> <span class='ocrx_word' id='word_1_27' title='bbox 734 863 783 898; x_wconf 91' lang='lat' dir='ltr'><strong>non</strong></span> <span class='ocrx_word' id='word_1_28' title='bbox 790 865 844 898; x_wconf 82' lang='lat' dir='ltr'><strong>eane</strong></span> <span class='ocrx_word' id='word_1_29' title='bbox 854 852 942 900; x_wconf 79' lang='lat' dir='ltr'><strong>mentia</strong></span> <span class='ocrx_word' id='word_1_30' title='bbox 951 861 1096 917; x_wconf 76' lang='lat' dir='ltr'><strong>compotem,</strong></span> <span class='ocrx_word' id='word_1_31' title='bbox 1106 855 1151 903; x_wconf 83' lang='lat' dir='ltr'><strong>ned</strong></span> <span class='ocrx_word' id='word_1_32' title='bbox 1160 858 1229 920; x_wconf 71' lang='lat' dir='ltr'><strong>qun·</strong></span> 
     </span>
     <span class='ocr_line' id='line_1_5' title="bbox 132 927 1227 999; baseline 0.011 -24"><span class='ocrx_word' id='word_1_33' title='bbox 132 927 223 976; x_wconf 73' lang='lat' dir='ltr'><strong>iontem</strong></span> <span class='ocrx_word' id='word_1_34' title='bbox 232 927 313 983; x_wconf 78' lang='lat' dir='ltr'><strong>duero,</strong></span> <span class='ocrx_word' id='word_1_35' title='bbox 321 935 354 984; x_wconf 84' lang='lat' dir='ltr'><strong>et,</strong></span> <span class='ocrx_word' id='word_1_36' title='bbox 366 941 513 992; x_wconf 73' lang='lat' dir='ltr'><strong>quecunque</strong></span> <span class='ocrx_word' id='word_1_37' title='bbox 523 927 632 984; x_wconf 77' lang='lat' dir='ltr'><strong>influunt,</strong></span> <span class='ocrx_word' id='word_1_38' title='bbox 640 943 737 992; x_wconf 76' lang='lat' dir='ltr'><strong>pronun</strong></span> <span class='ocrx_word' id='word_1_39' title='bbox 750 929 882 980; x_wconf 73' lang='lat' dir='ltr'><strong>effundere.</strong></span> <span class='ocrx_word' id='word_1_40' title='bbox 898 947 998 997; x_wconf 84' lang='lat' dir='ltr'><strong>eumque</strong></span> <span class='ocrx_word' id='word_1_41' title='bbox 1008 947 1048 983; x_wconf 86' lang='lat' dir='ltr'><strong>are</strong></span> <span class='ocrx_word' id='word_1_42' title='bbox 1061 935 1114 999; x_wconf 82' lang='lat' dir='ltr'><strong>ejon</strong></span> <span class='ocrx_word' id='word_1_43' title='bbox 1124 937 1227 986; x_wconf 80' lang='lat' dir='ltr'><strong>imitatio</strong></span> 
     </span>
     <span class='ocr_line' id='line_1_6' title="bbox 132 1007 1228 1084; baseline 0.001 -28"><span class='ocrx_word' id='word_1_44' title='bbox 132 1007 242 1072; x_wconf 81' lang='lat' dir='ltr'><strong>quedam</strong></span> <span class='ocrx_word' id='word_1_45' title='bbox 259 1009 292 1056; x_wconf 86' lang='lat' dir='ltr'><strong>ait</strong></span> <span class='ocrx_word' id='word_1_46' title='bbox 308 1016 334 1056; x_wconf 84' lang='lat' dir='ltr'><strong>et</strong></span> <span class='ocrx_word' id='word_1_47' title='bbox 349 1009 478 1057; x_wconf 79' lang='lat' dir='ltr'><strong>nunuartoe</strong></span> <span class='ocrx_word' id='word_1_48' title='bbox 496 1007 597 1056; x_wconf 78' lang='lat' dir='ltr'><strong>adeetrre</strong></span> <span class='ocrx_word' id='word_1_49' title='bbox 614 1009 736 1057; x_wconf 73' lang='lat' dir='ltr'><strong>hominurn</strong></span> <span class='ocrx_word' id='word_1_50' title='bbox 746 1011 871 1074; x_wconf 80' lang='lat' dir='ltr'><strong>expo-irunt,</strong></span> <span class='ocrx_word' id='word_1_51' title='bbox 881 1027 945 1076; x_wconf 74' lang='lat' dir='ltr'><strong>nepo</strong></span> <span class='ocrx_word' id='word_1_52' title='bbox 956 1015 1008 1078; x_wconf 69' lang='lat' dir='ltr'><strong>uugi</strong></span> <span class='ocrx_word' id='word_1_53' title='bbox 1018 1015 1118 1080; x_wconf 58' lang='lat' dir='ltr'><strong>poam</strong></span> <span class='ocrx_word' id='word_1_54' title='bbox 1125 1017 1228 1084; x_wconf 61' lang='lat' dir='ltr'><strong>flbiipfi</strong></span> 
     </span>
     <span class='ocr_line' id='line_1_7' title="bbox 132 1089 1226 1158; baseline 0.005 -19"><span class='ocrx_word' id='word_1_55' title='bbox 132 1089 248 1140; x_wconf 70' lang='lat' dir='ltr'><strong>cornutio</strong></span> <span class='ocrx_word' id='word_1_56' title='bbox 265 1089 355 1147; x_wconf 81' lang='lat' dir='ltr'><strong>dicere,</strong></span> <span class='ocrx_word' id='word_1_57' title='bbox 373 1103 452 1152; x_wconf 88' lang='lat' dir='ltr'><strong>neque</strong></span> <span class='ocrx_word' id='word_1_58' title='bbox 469 1089 545 1137; x_wconf 70' lang='lat' dir='ltr'><strong>reue:</strong></span> <span class='ocrx_word' id='word_1_59' title='bbox 564 1097 640 1138; x_wconf 78' lang='lat' dir='ltr'><strong>utrm</strong></span> <span class='ocrx_word' id='word_1_60' title='bbox 658 1089 710 1138; x_wconf 71' lang='lat' dir='ltr'><strong>leo</strong></span> <span class='ocrx_word' id='word_1_61' title='bbox 720 1105 751 1138; x_wconf 81' lang='grc' dir='ltr'><strong>ιιι</strong></span> <span class='ocrx_word' id='word_1_62' title='bbox 761 1089 805 1140; x_wconf 86' lang='lat' dir='ltr'><strong>illa</strong></span> <span class='ocrx_word' id='word_1_63' title='bbox 813 1107 870 1140; x_wconf 82' lang='lat' dir='ltr'><strong>vara</strong></span> <span class='ocrx_word' id='word_1_64' title='bbox 879 1094 935 1143; x_wconf 77' lang='lat' dir='ltr'><strong>nint.</strong></span> <span class='ocrx_word' id='word_1_65' title='bbox 951 1095 1080 1158; x_wconf 70' lang='lat' dir='ltr'><strong>leginlatoti</strong></span> <span class='ocrx_word' id='word_1_66' title='bbox 1089 1105 1167 1146; x_wconf 81' lang='lat' dir='ltr'><strong>autern</strong></span> <span class='ocrx_word' id='word_1_67' title='bbox 1177 1113 1226 1148; x_wconf 84' lang='lat' dir='ltr'><strong>uon</strong></span> 
     </span>
     <span class='ocr_line' id='line_1_8' title="bbox 131 1169 1225 1242; baseline 0.008 -23"><span class='ocrx_word' id='word_1_68' title='bbox 131 1171 188 1220; x_wconf 86' lang='lat' dir='ltr'><strong>lio&#39;et</strong></span> <span class='ocrx_word' id='word_1_69' title='bbox 205 1169 253 1220; x_wconf 89' lang='lat' dir='ltr'><strong>duo</strong></span> <span class='ocrx_word' id='word_1_70' title='bbox 270 1170 377 1235; x_wconf 76' lang='grc' dir='ltr'><strong>φιιόιιιιι</strong></span> <span class='ocrx_word' id='word_1_71' title='bbox 396 1171 491 1218; x_wconf 80' lang='lat' dir='ltr'><strong>divona</strong></span> <span class='ocrx_word' id='word_1_72' title='bbox 498 1169 530 1218; x_wconf 88' lang='lat' dir='ltr'><strong>de</strong></span> <span class='ocrx_word' id='word_1_73' title='bbox 539 1183 588 1218; x_wconf 88' lang='lat' dir='ltr'><strong>nno</strong></span> <span class='ocrx_word' id='word_1_74' title='bbox 597 1169 622 1217; x_wconf 88' lang='lat' dir='ltr'><strong>in</strong></span> <span class='ocrx_word' id='word_1_75' title='bbox 633 1171 687 1233; x_wconf 76' lang='lat' dir='ltr'><strong>lege</strong></span> <span class='ocrx_word' id='word_1_76' title='bbox 698 1171 772 1234; x_wconf 87' lang='lat' dir='ltr'><strong>loqui,</strong></span> <span class='ocrx_word' id='word_1_77' title='bbox 781 1172 825 1220; x_wconf 84' lang='lat' dir='ltr'><strong>eod</strong></span> <span class='ocrx_word' id='word_1_78' title='bbox 835 1187 908 1222; x_wconf 81' lang='lat' dir='ltr'><strong>unum</strong></span> <span class='ocrx_word' id='word_1_79' title='bbox 916 1175 990 1224; x_wconf 80' lang='lat' dir='ltr'><strong>debet</strong></span> <span class='ocrx_word' id='word_1_80' title='bbox 999 1193 1092 1242; x_wconf 67' lang='lat' dir='ltr'><strong>tempo</strong></span> <span class='ocrx_word' id='word_1_81' title='bbox 1101 1181 1225 1228; x_wconf 73' lang='lat' dir='ltr'><strong>enudare</strong></span> 
     </span>
     <span class='ocr_line' id='line_1_9' title="bbox 129 1249 1226 1323; baseline 0.005 -23"><span class='ocrx_word' id='word_1_82' title='bbox 129 1253 161 1300; x_wconf 80' lang='lat' dir='ltr'><strong>tle</strong></span> <span class='ocrx_word' id='word_1_83' title='bbox 172 1263 228 1301; x_wconf 85' lang='lat' dir='ltr'><strong>nno.</strong></span> <span class='ocrx_word' id='word_1_84' title='bbox 244 1252 270 1300; x_wconf 93' lang='lat' dir='ltr'><strong>id</strong></span> <span class='ocrx_word' id='word_1_85' title='bbox 281 1257 360 1300; x_wconf 82' lang='lat' dir='ltr'><strong>autern</strong></span> <span class='ocrx_word' id='word_1_86' title='bbox 369 1263 400 1300; x_wconf 78' lang='lat' dir='ltr'><strong>er</strong></span> <span class='ocrx_word' id='word_1_87' title='bbox 408 1251 454 1308; x_wconf 82' lang='lat' dir='ltr'><strong>irie,</strong></span> <span class='ocrx_word' id='word_1_88' title='bbox 465 1265 518 1314; x_wconf 80' lang='lat' dir='ltr'><strong>qne</strong></span> <span class='ocrx_word' id='word_1_89' title='bbox 526 1250 598 1300; x_wconf 88' lang='lat' dir='ltr'><strong>ruodo</strong></span> <span class='ocrx_word' id='word_1_90' title='bbox 612 1249 720 1308; x_wconf 82' lang='lat' dir='ltr'><strong>dloebea,</strong></span> <span class='ocrx_word' id='word_1_91' title='bbox 737 1253 918 1312; x_wconf 71' lang='lat' dir='ltr'><strong>animadvertet,</strong></span> <span class='ocrx_word' id='word_1_92' title='bbox 933 1271 988 1305; x_wconf 85' lang='lat' dir='ltr'><strong>eum</strong></span> <span class='ocrx_word' id='word_1_93' title='bbox 1005 1259 1165 1323; x_wconf 75' lang='lat' dir='ltr'><strong>aepnlorornm</strong></span> <span class='ocrx_word' id='word_1_94' title='bbox 1177 1261 1226 1310; x_wconf 74' lang='lat' dir='ltr'><strong>alia</strong></span> 
     </span>
     <span class='ocr_line' id='line_1_10' title="bbox 130 1331 1222 1401; baseline 0.009 -20"><span class='ocrx_word' id='word_1_95' title='bbox 130 1331 256 1388; x_wconf 60' lang='lat' dir='ltr'><strong>mant,</strong></span> <span class='ocrx_word' id='word_1_96' title='bbox 266 1333 314 1381; x_wconf 85' lang='lat' dir='ltr'><strong>alia</strong></span> <span class='ocrx_word' id='word_1_97' title='bbox 323 1331 445 1389; x_wconf 69' lang='lat' dir='ltr'><strong>delent,</strong></span> <span class='ocrx_word' id='word_1_98' title='bbox 453 1333 503 1381; x_wconf 79' lang='lat' dir='ltr'><strong>elia</strong></span> <span class='ocrx_word' id='word_1_99' title='bbox 511 1332 617 1380; x_wconf 78' lang='lat' dir='ltr'><strong>medinm</strong></span> <span class='ocrx_word' id='word_1_100' title='bbox 629 1339 735 1390; x_wconf 80' lang='lat' dir='ltr'><strong>teneant,</strong></span> <span class='ocrx_word' id='word_1_101' title='bbox 743 1333 871 1384; x_wconf 82' lang='lat' dir='ltr'><strong>mediocria</strong></span> <span class='ocrx_word' id='word_1_102' title='bbox 881 1343 908 1384; x_wconf 85' lang='lat' dir='ltr'><strong>to</strong></span> <span class='ocrx_word' id='word_1_103' title='bbox 916 1337 1055 1401; x_wconf 75' lang='lat' dir='ltr'><strong>dupliciter</strong></span> <span class='ocrx_word' id='word_1_104' title='bbox 1065 1339 1168 1389; x_wconf 81' lang='lat' dir='ltr'><strong>lendanti</strong></span> <span class='ocrx_word' id='word_1_105' title='bbox 1179 1340 1222 1390; x_wconf 85' lang='lat' dir='ltr'><strong>de-</strong></span> 
     </span>
     <span class='ocr_line' id='line_1_11' title="bbox 128 1411 1223 1486; baseline 0.006 -24"><span class='ocrx_word' id='word_1_106' title='bbox 128 1413 194 1479; x_wconf 87' lang='lat' dir='ltr'><strong>rique</strong></span> <span class='ocrx_word' id='word_1_107' title='bbox 205 1415 256 1463; x_wconf 82' lang='lat' dir='ltr'><strong>oola</strong></span> <span class='ocrx_word' id='word_1_108' title='bbox 263 1411 364 1477; x_wconf 76' lang='lat' dir='ltr'><strong>jusulati.</strong></span> <span class='ocrx_word' id='word_1_109' title='bbox 374 1427 420 1477; x_wconf 72' lang='lat' dir='ltr'><strong>ego</strong></span> <span class='ocrx_word' id='word_1_110' title='bbox 430 1419 518 1469; x_wconf 64' lang='lat' dir='ltr'><strong>numni,</strong></span> <span class='ocrx_word' id='word_1_111' title='bbox 529 1413 549 1460; x_wconf 89' lang='lat' dir='ltr'><strong>ai</strong></span> <span class='ocrx_word' id='word_1_112' title='bbox 560 1427 620 1462; x_wconf 83' lang='lat' dir='ltr'><strong>uxor</strong></span> <span class='ocrx_word' id='word_1_113' title='bbox 631 1413 689 1462; x_wconf 83' lang='lat' dir='ltr'><strong>nihl</strong></span> <span class='ocrx_word' id='word_1_114' title='bbox 699 1413 816 1464; x_wconf 80' lang='lat' dir='ltr'><strong>ditiern&#39;nu</strong></span> <span class='ocrx_word' id='word_1_115' title='bbox 829 1417 1046 1483; x_wconf 64' lang='lat' dir='ltr'><strong>oaoeqjubererque</strong></span> <span class='ocrx_word' id='word_1_116' title='bbox 1057 1429 1084 1468; x_wconf 83' lang='lat' dir='ltr'><strong>ut</strong></span> <span class='ocrx_word' id='word_1_117' title='bbox 1093 1435 1147 1469; x_wconf 84' lang='lat' dir='ltr'><strong>earu</strong></span> <span class='ocrx_word' id='word_1_118' title='bbox 1156 1437 1223 1486; x_wconf 69' lang='lat' dir='ltr'><strong>niaq-</strong></span> 
     </span>
     <span class='ocr_line' id='line_1_12' title="bbox 129 1494 1224 1567; baseline 0.007 -23"><span class='ocrx_word' id='word_1_119' title='bbox 129 1495 199 1544; x_wconf 83' lang='lat' dir='ltr'><strong>niliee</strong></span> <span class='ocrx_word' id='word_1_120' title='bbox 208 1497 344 1559; x_wconf 71' lang='lat' dir='ltr'><strong>sepelirem,</strong></span> <span class='ocrx_word' id='word_1_121' title='bbox 354 1495 380 1543; x_wconf 89' lang='lat' dir='ltr'><strong>in</strong></span> <span class='ocrx_word' id='word_1_122' title='bbox 389 1495 500 1558; x_wconf 80' lang='lat' dir='ltr'><strong>poiimate</strong></span> <span class='ocrx_word' id='word_1_123' title='bbox 509 1494 629 1542; x_wconf 81' lang='lat' dir='ltr'><strong>eruedena</strong></span> <span class='ocrx_word' id='word_1_124' title='bbox 638 1496 772 1558; x_wconf 85' lang='lat' dir='ltr'><strong>aepulorunr</strong></span> <span class='ocrx_word' id='word_1_125' title='bbox 781 1497 901 1546; x_wconf 83' lang='lat' dir='ltr'><strong>lendarem</strong></span> <span class='ocrx_word' id='word_1_126' title='bbox 911 1515 917 1544; x_wconf 90' lang='lat'><em>=</em></span> <span class='ocrx_word' id='word_1_127' title='bbox 935 1513 1025 1564; x_wconf 84' lang='lat' dir='ltr'><strong>pauper</strong></span> <span class='ocrx_word' id='word_1_128' title='bbox 1042 1501 1100 1549; x_wconf 80' lang='lat' dir='ltr'><strong>itero</strong></span> <span class='ocrx_word' id='word_1_129' title='bbox 1109 1503 1224 1567; x_wconf 60' lang='lat' dir='ltr'><strong>viram</strong></span> 
     </span>
     <span class='ocr_line' id='line_1_13' title="bbox 128 1575 1223 1644; baseline 0.007 -19"><span class='ocrx_word' id='word_1_130' title='bbox 128 1578 211 1626; x_wconf 71' lang='lat' dir='ltr'><strong>ivm</strong></span> <span class='ocrx_word' id='word_1_131' title='bbox 219 1577 341 1626; x_wconf 77' lang='lat' dir='ltr'><strong>defieieoa.</strong></span> <span class='ocrx_word' id='word_1_132' title='bbox 352 1575 393 1640; x_wconf 89' lang='lat' dir='ltr'><strong>qui</strong></span> <span class='ocrx_word' id='word_1_133' title='bbox 403 1589 459 1624; x_wconf 77' lang='lat' dir='ltr'><strong>vero</strong></span> <span class='ocrx_word' id='word_1_134' title='bbox 469 1575 602 1624; x_wconf 75' lang='lat' dir='ltr'><strong>medioeres</strong></span> <span class='ocrx_word' id='word_1_135' title='bbox 612 1575 708 1624; x_wconf 79' lang='lat' dir='ltr'><strong>divitiae</strong></span> <span class='ocrx_word' id='word_1_136' title='bbox 717 1577 830 1640; x_wconf 69' lang='lat' dir='ltr'><strong>pendet,</strong></span> <span class='ocrx_word' id='word_1_137' title='bbox 841 1579 862 1626; x_wconf 83' lang='lat' dir='ltr'><strong>ei</strong></span> <span class='ocrx_word' id='word_1_138' title='bbox 871 1577 924 1642; x_wconf 86' lang='lat' dir='ltr'><strong>ipae</strong></span> <span class='ocrx_word' id='word_1_139' title='bbox 932 1595 1027 1644; x_wconf 84' lang='lat' dir='ltr'><strong>quoque</strong></span> <span class='ocrx_word' id='word_1_140' title='bbox 1037 1581 1172 1632; x_wconf 66' lang='lat' dir='ltr'><strong>uuinton</strong></span> <span class='ocrx_word' id='word_1_141' title='bbox 1182 1584 1223 1640; x_wconf 84' lang='lat' dir='ltr'><strong>rit,</strong></span> 
     </span>
     <span class='ocr_line' id='line_1_14' title="bbox 128 1655 1221 1717; baseline 0.005 -10"><span class='ocrx_word' id='word_1_142' title='bbox 128 1657 233 1707; x_wconf 80' lang='lat' dir='ltr'><strong>niediurn</strong></span> <span class='ocrx_word' id='word_1_143' title='bbox 251 1655 363 1706; x_wconf 68' lang='lat' dir='ltr'><strong>laudubit.</strong></span> <span class='ocrx_word' id='word_1_144' title='bbox 379 1655 422 1706; x_wconf 82' lang='lat' dir='ltr'><strong>aed</strong></span> <span class='ocrx_word' id='word_1_145' title='bbox 439 1657 484 1704; x_wconf 87' lang='lat' dir='ltr'><strong>tibi</strong></span> <span class='ocrx_word' id='word_1_146' title='bbox 492 1671 540 1705; x_wconf 90' lang='lat' dir='ltr'><strong>uon</strong></span> <span class='ocrx_word' id='word_1_147' title='bbox 550 1657 585 1704; x_wconf 89' lang='lat' dir='ltr'><strong>ita</strong></span> <span class='ocrx_word' id='word_1_148' title='bbox 595 1656 734 1714; x_wconf 85' lang='lat' dir='ltr'><strong>dineodnm,</strong></span> <span class='ocrx_word' id='word_1_149' title='bbox 744 1657 806 1706; x_wconf 78' lang='lat' dir='ltr'><strong>nient</strong></span> <span class='ocrx_word' id='word_1_150' title='bbox 813 1659 910 1708; x_wconf 80' lang='lat' dir='ltr'><strong>dicebar</strong></span> <span class='ocrx_word' id='word_1_151' title='bbox 920 1660 998 1717; x_wconf 84' lang='lat' dir='ltr'><strong>nudo,</strong></span> <span class='ocrx_word' id='word_1_152' title='bbox 1009 1669 1037 1709; x_wconf 86' lang='lat' dir='ltr'><strong>nt</strong></span> <span class='ocrx_word' id='word_1_153' title='bbox 1044 1663 1134 1712; x_wconf 78' lang='lat' dir='ltr'><strong>noilioet</strong></span> <span class='ocrx_word' id='word_1_154' title='bbox 1145 1663 1221 1713; x_wconf 82' lang='lat' dir='ltr'><strong>medi·</strong></span> 
     </span>
     <span class='ocr_line' id='line_1_15' title="bbox 127 1734 1225 1806; baseline 0.005 -17"><span class='ocrx_word' id='word_1_155' title='bbox 127 1755 181 1789; x_wconf 83' lang='lat' dir='ltr'><strong>uere</strong></span> <span class='ocrx_word' id='word_1_156' title='bbox 197 1739 347 1788; x_wconf 70' lang='lat' dir='ltr'><strong>solumnodo</strong></span> <span class='ocrx_word' id='word_1_157' title='bbox 360 1739 435 1795; x_wconf 80' lang='lat' dir='ltr'><strong>diuae,</strong></span> <span class='ocrx_word' id='word_1_158' title='bbox 450 1734 494 1786; x_wconf 87' lang='lat' dir='ltr'><strong>eed</strong></span> <span class='ocrx_word' id='word_1_159' title='bbox 505 1737 562 1802; x_wconf 89' lang='lat' dir='ltr'><strong>quid</strong></span> <span class='ocrx_word' id='word_1_160' title='bbox 575 1751 735 1803; x_wconf 82' lang='lat' dir='ltr'><strong>quantumque</strong></span> <span class='ocrx_word' id='word_1_161' title='bbox 745 1739 912 1806; x_wconf 83' lang='lat' dir='ltr'><strong>mediooreque</strong></span> <span class='ocrx_word' id='word_1_162' title='bbox 920 1742 961 1804; x_wconf 86' lang='lat' dir='ltr'><strong>ait,</strong></span> <span class='ocrx_word' id='word_1_163' title='bbox 971 1743 1145 1806; x_wconf 81' lang='lat' dir='ltr'><strong>exponendum.</strong></span> <span class='ocrx_word' id='word_1_164' title='bbox 1154 1745 1225 1794; x_wconf 88' lang='lat' dir='ltr'><strong>aliter</strong></span> 
     </span>
     <span class='ocr_line' id='line_1_16' title="bbox 126 1819 1223 1888; baseline 0.004 -17"><span class='ocrx_word' id='word_1_165' title='bbox 126 1837 156 1871; x_wconf 85' lang='lat' dir='ltr'><strong>ne</strong></span> <span class='ocrx_word' id='word_1_166' title='bbox 166 1831 237 1888; x_wconf 82' lang='lat' dir='ltr'><strong>putee</strong></span> <span class='ocrx_word' id='word_1_167' title='bbox 245 1823 376 1871; x_wconf 73' lang='lat' dir='ltr'><strong>orationem</strong></span> <span class='ocrx_word' id='word_1_168' title='bbox 385 1820 521 1886; x_wconf 66' lang='lat' dir='ltr'><strong>huiuamodi</strong></span> <span class='ocrx_word' id='word_1_169' title='bbox 529 1820 608 1884; x_wconf 76' lang='lat' dir='ltr'><strong>legero</strong></span> <span class='ocrx_word' id='word_1_170' title='bbox 625 1833 687 1870; x_wconf 80' lang='lat' dir='ltr'><strong>eane,</strong></span> <span class='ocrx_word' id='word_1_171' title='bbox 721 1819 779 1870; x_wconf 82' lang='lat' dir='ltr'><strong>cnr.</strong></span> <span class='ocrx_word' id='word_1_172' title='bbox 797 1821 862 1870; x_wconf 84' lang='lat' dir='ltr'><strong>Vera</strong></span> <span class='ocrx_word' id='word_1_173' title='bbox 872 1823 983 1886; x_wconf 82' lang='lat' dir='ltr'><strong>loqueria.</strong></span> <span class='ocrx_word' id='word_1_174' title='bbox 1016 1824 1119 1874; x_wconf 81' lang='grc' dir='ltr'><strong>Αιιιιιι.</strong></span> <span class='ocrx_word' id='word_1_175' title='bbox 1136 1824 1223 1874; x_wconf 86' lang='lat' dir='ltr'><strong>Utroru</strong></span> 
     </span>
     <span class='ocr_line' id='line_1_17' title="bbox 126 1900 1221 1972; baseline 0.002 -20"><span class='ocrx_word' id='word_1_176' title='bbox 126 1903 165 1968; x_wconf 77' lang='lat' dir='ltr'><strong>qui</strong></span> <span class='ocrx_word' id='word_1_177' title='bbox 173 1903 266 1968; x_wconf 76' lang='lat' dir='ltr'><strong>legibue</strong></span> <span class='ocrx_word' id='word_1_178' title='bbox 274 1901 404 1951; x_wconf 72' lang='lat' dir='ltr'><strong>condendis</strong></span> <span class='ocrx_word' id='word_1_179' title='bbox 413 1901 537 1957; x_wconf 83' lang='lat' dir='ltr'><strong>incumbit,</strong></span> <span class='ocrx_word' id='word_1_180' title='bbox 547 1901 607 1950; x_wconf 80' lang='lat' dir='ltr'><strong>nillil</strong></span> <span class='ocrx_word' id='word_1_181' title='bbox 618 1901 666 1950; x_wconf 84' lang='lat' dir='ltr'><strong>tale</strong></span> <span class='ocrx_word' id='word_1_182' title='bbox 677 1900 702 1950; x_wconf 89' lang='lat' dir='ltr'><strong>in</strong></span> <span class='ocrx_word' id='word_1_183' title='bbox 717 1901 795 1965; x_wconf 72' lang='lat' dir='ltr'><strong>legum</strong></span> <span class='ocrx_word' id='word_1_184' title='bbox 805 1903 902 1952; x_wconf 80' lang='lat' dir='ltr'><strong>exordio</strong></span> <span class='ocrx_word' id='word_1_185' title='bbox 912 1904 993 1952; x_wconf 82' lang='lat' dir='ltr'><strong>dicet?</strong></span> <span class='ocrx_word' id='word_1_186' title='bbox 1007 1903 1051 1952; x_wconf 89' lang='lat' dir='ltr'><strong>aad</strong></span> <span class='ocrx_word' id='word_1_187' title='bbox 1060 1905 1149 1962; x_wconf 74' lang='lat' dir='ltr'><strong>naum,</strong></span> <span class='ocrx_word' id='word_1_188' title='bbox 1162 1907 1221 1972; x_wconf 89' lang='lat' dir='ltr'><strong>quid</strong></span> 
     </span>
     <span class='ocr_line' id='line_1_18' title="bbox 125 1983 1222 2052; baseline 0.001 -18"><span class='ocrx_word' id='word_1_189' title='bbox 125 1985 260 2034; x_wconf 80' lang='lat' dir='ltr'><strong>laciendum</strong></span> <span class='ocrx_word' id='word_1_190' title='bbox 270 1983 301 2032; x_wconf 88' lang='lat' dir='ltr'><strong>ait</strong></span> <span class='ocrx_word' id='word_1_191' title='bbox 311 1983 403 2048; x_wconf 82' lang='lat' dir='ltr'><strong>etquid</strong></span> <span class='ocrx_word' id='word_1_192' title='bbox 414 1999 472 2040; x_wconf 90' lang='lat' dir='ltr'><strong>non,</strong></span> <span class='ocrx_word' id='word_1_193' title='bbox 483 1991 598 2047; x_wconf 79' lang='lat' dir='ltr'><strong>exponet,</strong></span> <span class='ocrx_word' id='word_1_194' title='bbox 617 1983 693 2049; x_wconf 72' lang='lat' dir='ltr'><strong>[titt]</strong></span> <span class='ocrx_word' id='word_1_195' title='bbox 710 1984 845 2048; x_wconf 82' lang='lat' dir='ltr'><strong>mulctaque</strong></span> <span class='ocrx_word' id='word_1_196' title='bbox 862 1985 973 2049; x_wconf 81' lang='lat' dir='ltr'><strong>imponito</strong></span> <span class='ocrx_word' id='word_1_197' title='bbox 983 1987 1013 2034; x_wconf 88' lang='lat' dir='ltr'><strong>ad</strong></span> <span class='ocrx_word' id='word_1_198' title='bbox 1024 1987 1095 2035; x_wconf 77' lang='lat' dir='ltr'><strong>aliani</strong></span> <span class='ocrx_word' id='word_1_199' title='bbox 1105 1987 1132 2034; x_wconf 85' lang='lat' dir='ltr'><strong>ne</strong></span> <span class='ocrx_word' id='word_1_200' title='bbox 1142 1988 1222 2052; x_wconf 74' lang='lat' dir='ltr'><strong>legam</strong></span> 
     </span>
     <span class='ocr_line' id='line_1_19' title="bbox 126 2062 1223 2130; baseline 0.005 -18"><span class='ocrx_word' id='word_1_201' title='bbox 126 2073 210 2124; x_wconf 63' lang='lat' dir='ltr'><strong>vena,</strong></span> <span class='ocrx_word' id='word_1_202' title='bbox 220 2067 286 2114; x_wconf 89' lang='lat' dir='ltr'><strong>nulla</strong></span> <span class='ocrx_word' id='word_1_203' title='bbox 294 2065 386 2114; x_wconf 76' lang='lat' dir='ltr'><strong>ratium</strong></span> <span class='ocrx_word' id='word_1_204' title='bbox 395 2062 425 2113; x_wconf 90' lang='lat' dir='ltr'><strong>ad</strong></span> <span class='ocrx_word' id='word_1_205' title='bbox 445 2064 614 2113; x_wconf 76' lang='lat' dir='ltr'><strong>exhortandum</strong></span> <span class='ocrx_word' id='word_1_206' title='bbox 633 2065 879 2130; x_wconf 70' lang='lat' dir='ltr'><strong>persuadendumque</strong></span> <span class='ocrx_word' id='word_1_207' title='bbox 893 2066 984 2114; x_wconf 85' lang='lat' dir='ltr'><strong>allata?</strong></span> <span class='ocrx_word' id='word_1_208' title='bbox 1000 2067 1124 2116; x_wconf 73' lang='lat' dir='ltr'><strong>admon</strong></span> <span class='ocrx_word' id='word_1_209' title='bbox 1141 2069 1223 2118; x_wconf 76' lang='lat' dir='ltr'><strong>antean</strong></span> 
     </span>
     <span class='ocr_line' id='line_1_20' title="bbox 124 2144 1222 2210; baseline 0.002 -14"><span class='ocrx_word' id='word_1_210' title='bbox 124 2150 150 2196; x_wconf 90' lang='lat' dir='ltr'><strong>in</strong></span> <span class='ocrx_word' id='word_1_211' title='bbox 167 2145 268 2196; x_wconf 86' lang='lat' dir='ltr'><strong>medium</strong></span> <span class='ocrx_word' id='word_1_212' title='bbox 276 2145 359 2194; x_wconf 75' lang='lat' dir='ltr'><strong>nundoe</strong></span> <span class='ocrx_word' id='word_1_213' title='bbox 370 2144 484 2194; x_wconf 83' lang='lat' dir='ltr'><strong>medendi</strong></span> <span class='ocrx_word' id='word_1_214' title='bbox 496 2145 565 2202; x_wconf 84' lang='lat' dir='ltr'><strong>dune,</strong></span> <span class='ocrx_word' id='word_1_215' title='bbox 575 2145 661 2210; x_wconf 83' lang='lat' dir='ltr'><strong>quibua</strong></span> <span class='ocrx_word' id='word_1_216' title='bbox 679 2145 721 2194; x_wconf 88' lang='lat' dir='ltr'><strong>alii</strong></span> <span class='ocrx_word' id='word_1_217' title='bbox 740 2145 829 2194; x_wconf 84' lang='lat' dir='ltr'><strong>rnedioi</strong></span> <span class='ocrx_word' id='word_1_218' title='bbox 840 2147 909 2194; x_wconf 83' lang='lat' dir='ltr'><strong>aliter</strong></span> <span class='ocrx_word' id='word_1_219' title='bbox 930 2161 1014 2198; x_wconf 84' lang='lat' dir='ltr'><strong>curare</strong></span> <span class='ocrx_word' id='word_1_220' title='bbox 1030 2147 1222 2200; x_wconf 77' lang='lat' dir='ltr'><strong>oomuererturtl</strong></span> 
     </span>
     <span class='ocr_line' id='line_1_21' title="bbox 124 2225 1222 2295; baseline 0 -17"><span class='ocrx_word' id='word_1_221' title='bbox 124 2239 151 2280; x_wconf 86' lang='lat' dir='ltr'><strong>ut</strong></span> <span class='ocrx_word' id='word_1_222' title='bbox 171 2226 371 2295; x_wconf 82' lang='lat' dir='ltr'><strong>quemadmodum</strong></span> <span class='ocrx_word' id='word_1_223' title='bbox 390 2227 458 2291; x_wconf 89' lang='lat' dir='ltr'><strong>pueri</strong></span> <span class='ocrx_word' id='word_1_224' title='bbox 479 2225 598 2276; x_wconf 85' lang='lat' dir='ltr'><strong>medicum</strong></span> <span class='ocrx_word' id='word_1_225' title='bbox 620 2233 697 2282; x_wconf 87' lang='lat' dir='ltr'><strong>orant,</strong></span> <span class='ocrx_word' id='word_1_226' title='bbox 718 2234 746 2275; x_wconf 89' lang='lat' dir='ltr'><strong>ut</strong></span> <span class='ocrx_word' id='word_1_227' title='bbox 763 2229 836 2276; x_wconf 77' lang='lat' dir='ltr'><strong>niodo</strong></span> <span class='ocrx_word' id='word_1_228' title='bbox 855 2229 956 2292; x_wconf 80' lang='lat' dir='ltr'><strong>quodam</strong></span> <span class='ocrx_word' id='word_1_229' title='bbox 977 2229 1090 2278; x_wconf 82' lang='lat' dir='ltr'><strong>laoilliore</strong></span> <span class='ocrx_word' id='word_1_230' title='bbox 1116 2245 1160 2279; x_wconf 84' lang='lat' dir='ltr'><strong>aua</strong></span> <span class='ocrx_word' id='word_1_231' title='bbox 1179 2245 1222 2278; x_wconf 87' lang='lat' dir='ltr'><strong>on·</strong></span> 
     </span>
     <span class='ocr_line' id='line_1_22' title="bbox 123 2307 1222 2374; baseline 0.001 -16"><span class='ocrx_word' id='word_1_232' title='bbox 123 2317 169 2368; x_wconf 85' lang='lat' dir='ltr'><strong>ret,</strong></span> <span class='ocrx_word' id='word_1_233' title='bbox 189 2311 225 2359; x_wconf 80' lang='lat' dir='ltr'><strong>ite</strong></span> <span class='ocrx_word' id='word_1_234' title='bbox 245 2315 270 2358; x_wconf 88' lang='lat' dir='ltr'><strong>el</strong></span> <span class='ocrx_word' id='word_1_235' title='bbox 289 2323 333 2358; x_wconf 85' lang='lat' dir='ltr'><strong>noe</strong></span> <span class='ocrx_word' id='word_1_236' title='bbox 354 2309 541 2374; x_wconf 69' lang='lat' dir='ltr'><strong>legumlatorem.</strong></span> <span class='ocrx_word' id='word_1_237' title='bbox 559 2308 628 2372; x_wconf 87' lang='lat' dir='ltr'><strong>qnod</strong></span> <span class='ocrx_word' id='word_1_238' title='bbox 644 2315 672 2356; x_wconf 87' lang='lat' dir='ltr'><strong>ut</strong></span> <span class='ocrx_word' id='word_1_239' title='bbox 685 2307 727 2356; x_wconf 85' lang='lat' dir='ltr'><strong>dat</strong></span> <span class='ocrx_word' id='word_1_240' title='bbox 742 2310 856 2374; x_wconf 83' lang='lat' dir='ltr'><strong>apertior,</strong></span> <span class='ocrx_word' id='word_1_241' title='bbox 885 2323 965 2358; x_wconf 82' lang='lat' dir='ltr'><strong>noune</strong></span> <span class='ocrx_word' id='word_1_242' title='bbox 990 2309 1091 2359; x_wconf 80' lang='lat' dir='ltr'><strong>dieimne</strong></span> <span class='ocrx_word' id='word_1_243' title='bbox 1107 2309 1222 2374; x_wconf 85' lang='lat' dir='ltr'><strong>qnondnnr</strong></span> 
     </span>
     <span class='ocr_line' id='line_1_23' title="bbox 124 2385 1223 2456; baseline 0 -17"><span class='ocrx_word' id='word_1_244' title='bbox 124 2391 232 2440; x_wconf 85' lang='lat' dir='ltr'><strong>tnedieoa</strong></span> <span class='ocrx_word' id='word_1_245' title='bbox 248 2405 301 2438; x_wconf 76' lang='lat' dir='ltr'><strong>ente</strong></span> <span class='ocrx_word' id='word_1_246' title='bbox 324 2399 349 2438; x_wconf 88' lang='lat' dir='ltr'><strong>et</strong></span> <span class='ocrx_word' id='word_1_247' title='bbox 367 2389 483 2454; x_wconf 89' lang='lat' dir='ltr'><strong>qnoedarn</strong></span> <span class='ocrx_word' id='word_1_248' title='bbox 491 2389 636 2438; x_wconf 83' lang='lat' dir='ltr'><strong>rnedioornnr</strong></span> <span class='ocrx_word' id='word_1_249' title='bbox 645 2389 765 2438; x_wconf 79' lang='lat' dir='ltr'><strong>iniuietroa</strong></span> <span class='ocrx_word' id='word_1_250' title='bbox 775 2390 784 2437; x_wconf 72' lang='grc' dir='ltr'><strong><em>ἒ</em></strong></span> <span class='ocrx_word' id='word_1_251' title='bbox 801 2385 861 2454; x_wconf 81' lang='lat' dir='ltr'><strong>quoe</strong></span> <span class='ocrx_word' id='word_1_252' title='bbox 869 2389 942 2440; x_wconf 78' lang='lat' dir='ltr'><strong>etiarn</strong></span> <span class='ocrx_word' id='word_1_253' title='bbox 953 2391 1056 2439; x_wconf 85' lang='lat' dir='ltr'><strong>rnediooa</strong></span> <span class='ocrx_word' id='word_1_254' title='bbox 1067 2391 1223 2456; x_wconf 79' lang='lat' dir='ltr'><strong>appellemur.</strong></span> 
     </span>
     <span class='ocr_line' id='line_1_24' title="bbox 128 2469 1222 2535; baseline 0 -15"><span class='ocrx_word' id='word_1_255' title='bbox 128 2469 189 2520; x_wconf 75' lang='lat' dir='ltr'><strong>Cur.</strong></span> <span class='ocrx_word' id='word_1_256' title='bbox 205 2469 247 2520; x_wconf 79' lang='lat' dir='ltr'><strong>Sin</strong></span> <span class='ocrx_word' id='word_1_257' title='bbox 266 2471 368 2520; x_wconf 79' lang='lat' dir='ltr'><strong>omnino.</strong></span> <span class='ocrx_word' id='word_1_258' title='bbox 401 2471 504 2519; x_wconf 79' lang='grc' dir='ltr'><strong>Δτιιιῑιι.</strong></span> <span class='ocrx_word' id='word_1_259' title='bbox 522 2470 583 2519; x_wconf 83' lang='lat' dir='ltr'><strong>Sire&#39;</strong></span> <span class='ocrx_word' id='word_1_260' title='bbox 591 2470 658 2520; x_wconf 88' lang='lat' dir='ltr'><strong>liberi</strong></span> <span class='ocrx_word' id='word_1_261' title='bbox 671 2471 721 2519; x_wconf 85' lang='lat' dir='ltr'><strong>aiut</strong></span> <span class='ocrx_word' id='word_1_262' title='bbox 736 2485 779 2520; x_wconf 83' lang='lat' dir='ltr'><strong>eeu</strong></span> <span class='ocrx_word' id='word_1_263' title='bbox 789 2472 860 2533; x_wconf 80' lang='lat' dir='ltr'><strong>nervi,</strong></span> <span class='ocrx_word' id='word_1_264' title='bbox 871 2471 911 2535; x_wconf 87' lang='lat' dir='ltr'><strong>qui</strong></span> <span class='ocrx_word' id='word_1_265' title='bbox 921 2469 1071 2520; x_wconf 77' lang='lat' dir='ltr'><strong>domium</strong></span> <span class='ocrx_word' id='word_1_266' title='bbox 1079 2471 1156 2535; x_wconf 81' lang='lat' dir='ltr'><strong>joran,</strong></span> <span class='ocrx_word' id='word_1_267' title='bbox 1164 2485 1222 2520; x_wconf 86' lang='lat' dir='ltr'><strong>oon·</strong></span> 
     </span>
     <span class='ocr_line' id='line_1_25' title="bbox 126 2551 1223 2617; baseline 0 -17"><span class='ocrx_word' id='word_1_268' title='bbox 126 2551 279 2608; x_wconf 76' lang='lat' dir='ltr'><strong>sideratione,</strong></span> <span class='ocrx_word' id='word_1_269' title='bbox 292 2559 341 2600; x_wconf 83' lang='lat' dir='ltr'><strong>&#39;neu</strong></span> <span class='ocrx_word' id='word_1_270' title='bbox 358 2561 383 2600; x_wconf 89' lang='lat' dir='ltr'><strong>et</strong></span> <span class='ocrx_word' id='word_1_271' title='bbox 400 2551 548 2616; x_wconf 72' lang='lat' dir='ltr'><strong>experientia</strong></span> <span class='ocrx_word' id='word_1_272' title='bbox 567 2559 641 2600; x_wconf 83' lang='lat' dir='ltr'><strong>artem</strong></span> <span class='ocrx_word' id='word_1_273' title='bbox 649 2551 788 2617; x_wconf 84' lang='lat' dir='ltr'><strong>pnneideant</strong></span> <span class='ocrx_word' id='word_1_274' title='bbox 798 2569 804 2600; x_wconf 73' lang='grc' dir='ltr'><strong><em>ε</em></strong></span> <span class='ocrx_word' id='word_1_275' title='bbox 821 2567 870 2600; x_wconf 89' lang='lat' dir='ltr'><strong>nou</strong></span> <span class='ocrx_word' id='word_1_276' title='bbox 878 2559 959 2602; x_wconf 83' lang='lat' dir='ltr'><strong>autern</strong></span> <span class='ocrx_word' id='word_1_277' title='bbox 969 2551 1099 2600; x_wconf 75' lang='lat' dir='ltr'><strong>iucundum</strong></span> <span class='ocrx_word' id='word_1_278' title='bbox 1105 2559 1223 2608; x_wconf 82' lang='lat' dir='ltr'><strong>naturam.</strong></span> 
     </span>
     <span class='ocr_line' id='line_1_26' title="bbox 125 2632 1222 2698; baseline 0 -16"><span class='ocrx_word' id='word_1_279' title='bbox 125 2633 195 2682; x_wconf 79' lang='lat' dir='ltr'><strong>nicoli</strong></span> <span class='ocrx_word' id='word_1_280' title='bbox 211 2633 287 2690; x_wconf 86' lang='lat' dir='ltr'><strong>liberi,</strong></span> <span class='ocrx_word' id='word_1_281' title='bbox 308 2633 350 2698; x_wconf 88' lang='lat' dir='ltr'><strong>qui</strong></span> <span class='ocrx_word' id='word_1_282' title='bbox 367 2639 392 2682; x_wconf 81' lang='lat' dir='ltr'><strong>et</strong></span> <span class='ocrx_word' id='word_1_283' title='bbox 411 2633 459 2697; x_wconf 73' lang='lat' dir='ltr'><strong>ipsi</strong></span> <span class='ocrx_word' id='word_1_284' title='bbox 479 2633 513 2681; x_wconf 86' lang='lat' dir='ltr'><strong>nie</strong></span> <span class='ocrx_word' id='word_1_285' title='bbox 524 2632 658 2682; x_wconf 78' lang='lat' dir='ltr'><strong>didicerint</strong></span> <span class='ocrx_word' id='word_1_286' title='bbox 668 2641 693 2681; x_wconf 91' lang='lat' dir='ltr'><strong>et</strong></span> <span class='ocrx_word' id='word_1_287' title='bbox 704 2649 758 2683; x_wconf 84' lang='lat' dir='ltr'><strong>ouon</strong></span> <span class='ocrx_word' id='word_1_288' title='bbox 768 2633 830 2683; x_wconf 80' lang='lat' dir='ltr'><strong>filine</strong></span> <span class='ocrx_word' id='word_1_289' title='bbox 839 2634 973 2682; x_wconf 74' lang='lat' dir='ltr'><strong>iunuuunt?</strong></span> <span class='ocrx_word' id='word_1_290' title='bbox 989 2647 1021 2682; x_wconf 85' lang='lat' dir='ltr'><strong>au</strong></span> <span class='ocrx_word' id='word_1_291' title='bbox 1031 2633 1102 2697; x_wconf 87' lang='lat' dir='ltr'><strong>ponia</strong></span> <span class='ocrx_word' id='word_1_292' title='bbox 1111 2633 1160 2681; x_wconf 91' lang='lat' dir='ltr'><strong>dno</strong></span> <span class='ocrx_word' id='word_1_293' title='bbox 1170 2633 1222 2682; x_wconf 73' lang='lat' dir='ltr'><strong>heo</strong></span> 
     </span>
     <span class='ocr_line' id='line_1_27' title="bbox 125 2713 1222 2780; baseline 0 -16"><span class='ocrx_word' id='word_1_294' title='bbox 125 2731 212 2780; x_wconf 77' lang='lat' dir='ltr'><strong>genera</strong></span> <span class='ocrx_word' id='word_1_295' title='bbox 222 2713 389 2764; x_wconf 82' lang='lat' dir='ltr'><strong>medinorunr?</strong></span> <span class='ocrx_word' id='word_1_296' title='bbox 421 2713 480 2764; x_wconf 82' lang='lat' dir='ltr'><strong>Cor.</strong></span> <span class='ocrx_word' id='word_1_297' title='bbox 497 2713 562 2772; x_wconf 84' lang='lat' dir='ltr'><strong>Quid</strong></span> <span class='ocrx_word' id='word_1_298' title='bbox 585 2713 709 2778; x_wconf 84' lang='lat' dir='ltr'><strong>prohibet?</strong></span> <span class='ocrx_word' id='word_1_299' title='bbox 742 2713 926 2764; x_wconf 67' lang='lat' dir='ltr'><strong>Auum-Nou</strong></span> <span class='ocrx_word' id='word_1_300' title='bbox 942 2715 1016 2779; x_wconf 73' lang='lat' dir='ltr'><strong>lgiuu</strong></span> <span class='ocrx_word' id='word_1_301' title='bbox 1033 2713 1156 2778; x_wconf 75' lang='lat' dir='ltr'><strong>intelligin,</strong></span> <span class='ocrx_word' id='word_1_302' title='bbox 1166 2727 1222 2764; x_wconf 80' lang='lat' dir='ltr'><strong>naen</strong></span> 
     </span>
     <span class='ocr_line' id='line_1_28' title="bbox 125 2793 1222 2860; baseline -0.002 -14"><span class='ocrx_word' id='word_1_303' title='bbox 125 2799 185 2846; x_wconf 82' lang='lat' dir='ltr'><strong>nervi</strong></span> <span class='ocrx_word' id='word_1_304' title='bbox 196 2805 221 2846; x_wconf 88' lang='lat' dir='ltr'><strong>et</strong></span> <span class='ocrx_word' id='word_1_305' title='bbox 231 2795 299 2845; x_wconf 88' lang='lat' dir='ltr'><strong>liberi</strong></span> <span class='ocrx_word' id='word_1_306' title='bbox 308 2796 334 2844; x_wconf 88' lang='lat' dir='ltr'><strong>in</strong></span> <span class='ocrx_word' id='word_1_307' title='bbox 344 2795 440 2844; x_wconf 79' lang='lat' dir='ltr'><strong>civitate</strong></span> <span class='ocrx_word' id='word_1_308' title='bbox 451 2801 575 2860; x_wconf 73' lang='lat' dir='ltr'><strong>aegrotent,</strong></span> <span class='ocrx_word' id='word_1_309' title='bbox 586 2809 666 2843; x_wconf 84' lang='lat' dir='ltr'><strong>aervoa</strong></span> <span class='ocrx_word' id='word_1_310' title='bbox 676 2795 773 2844; x_wconf 69' lang='lat' dir='ltr'><strong>amrin</strong></span> <span class='ocrx_word' id='word_1_311' title='bbox 783 2797 920 2860; x_wconf 84' lang='lat' dir='ltr'><strong>plerumque</strong></span> <span class='ocrx_word' id='word_1_312' title='bbox 929 2796 1013 2852; x_wconf 78' lang='lat' dir='ltr'><strong>curari,</strong></span> <span class='ocrx_word' id='word_1_313' title='bbox 1021 2795 1064 2860; x_wconf 90' lang='lat' dir='ltr'><strong>qni</strong></span> <span class='ocrx_word' id='word_1_314' title='bbox 1073 2802 1099 2843; x_wconf 90' lang='lat' dir='ltr'><strong>et</strong></span> <span class='ocrx_word' id='word_1_315' title='bbox 1108 2795 1134 2842; x_wconf 89' lang='lat' dir='ltr'><strong>in</strong></span> <span class='ocrx_word' id='word_1_316' title='bbox 1145 2793 1222 2844; x_wconf 83' lang='lat' dir='ltr'><strong>rnedi-</strong></span> 
     </span>
     <span class='ocr_line' id='line_1_29' title="bbox 126 2861 1222 2941; baseline -0.003 -14"><span class='ocrx_word' id='word_1_317' title='bbox 126 2891 203 2927; x_wconf 71' lang='lat' dir='ltr'><strong>corum</strong></span> <span class='ocrx_word' id='word_1_318' title='bbox 213 2877 447 2927; x_wconf 68' lang='lat' dir='ltr'><strong>onuuuvonmur</strong></span> <span class='ocrx_word' id='word_1_319' title='bbox 457 2884 483 2925; x_wconf 71' lang='lat' dir='ltr'><strong>at</strong></span> <span class='ocrx_word' id='word_1_320' title='bbox 493 2877 575 2926; x_wconf 69' lang='lat' dir='ltr'><strong>omu-</strong></span> <span class='ocrx_word' id='word_1_321' title='bbox 585 2876 709 2925; x_wconf 62' lang='lat' dir='ltr'><strong>umenti</strong></span> <span class='ocrx_word' id='word_1_322' title='bbox 726 2889 771 2924; x_wconf 68' lang='lat' dir='ltr'><strong>nuc</strong></span> <span class='ocrx_word' id='word_1_323' title='bbox 781 2877 897 2926; x_wconf 62' lang='lat' dir='ltr'><strong>niun-u</strong></span> <span class='ocrx_word' id='word_1_324' title='bbox 907 2877 978 2925; x_wconf 75' lang='lat' dir='ltr'><strong>unm</strong></span> <span class='ocrx_word' id='word_1_325' title='bbox 990 2877 1021 2925; x_wconf 70' lang='lat' dir='ltr'><strong>ua</strong></span> <span class='ocrx_word' id='word_1_326' title='bbox 1032 2861 1222 2941; x_wconf 57' lang='lat' dir='ltr'><strong>ungulum-</strong></span> 
     </span>
     <span class='ocr_line' id='line_1_30' title="bbox 126 2955 1223 3022; baseline -0.004 -14"><span class='ocrx_word' id='word_1_327' title='bbox 126 2963 178 3007; x_wconf 73' lang='lat' dir='ltr'><strong>tuor</strong></span> <span class='ocrx_word' id='word_1_328' title='bbox 188 2959 273 3008; x_wconf 82' lang='lat' dir='ltr'><strong>raorbin</strong></span> <span class='ocrx_word' id='word_1_329' title='bbox 283 2965 325 3006; x_wconf 84' lang='lat' dir='ltr'><strong>aut</strong></span> <span class='ocrx_word' id='word_1_330' title='bbox 334 2956 436 3006; x_wconf 88' lang='lat' dir='ltr'><strong>reddunt</strong></span> <span class='ocrx_word' id='word_1_331' title='bbox 446 2963 488 3006; x_wconf 78' lang='lat' dir='ltr'><strong>out</strong></span> <span class='ocrx_word' id='word_1_332' title='bbox 498 2957 633 3022; x_wconf 86' lang='lat' dir='ltr'><strong>accipiunt=</strong></span> <span class='ocrx_word' id='word_1_333' title='bbox 645 2955 688 3005; x_wconf 85' lang='lat' dir='ltr'><strong>ned</strong></span> <span class='ocrx_word' id='word_1_334' title='bbox 699 2971 751 3021; x_wconf 81' lang='lat' dir='ltr'><strong>qne</strong></span> <span class='ocrx_word' id='word_1_335' title='bbox 765 2973 808 3006; x_wconf 83' lang='lat' dir='ltr'><strong>nau</strong></span> <span class='ocrx_word' id='word_1_336' title='bbox 817 2959 929 3022; x_wconf 83' lang='lat' dir='ltr'><strong>prodaaae</strong></span> <span class='ocrx_word' id='word_1_337' title='bbox 938 2957 1054 3013; x_wconf 78' lang='lat' dir='ltr'><strong>videntur,</strong></span> <span class='ocrx_word' id='word_1_338' title='bbox 1063 2957 1131 3021; x_wconf 81' lang='lat' dir='ltr'><strong>quani</strong></span> <span class='ocrx_word' id='word_1_339' title='bbox 1139 2963 1223 3006; x_wconf 77' lang='lat' dir='ltr'><strong>arente</strong></span> 
     </span>
     <span class='ocr_line' id='line_1_31' title="bbox 127 3035 1223 3106; baseline -0.005 -18"><span class='ocrx_word' id='word_1_340' title='bbox 127 3039 237 3096; x_wconf 82' lang='lat' dir='ltr'><strong>noientee,</strong></span> <span class='ocrx_word' id='word_1_341' title='bbox 254 3047 407 3106; x_wconf 78' lang='lat' dir='ltr'><strong>tyranmrmn</strong></span> <span class='ocrx_word' id='word_1_342' title='bbox 427 3039 502 3087; x_wconf 68' lang='lat' dir='ltr'><strong>iustu</strong></span> <span class='ocrx_word' id='word_1_343' title='bbox 516 3038 617 3102; x_wconf 71' lang='lat' dir='ltr'><strong>superbe</strong></span> <span class='ocrx_word' id='word_1_344' title='bbox 634 3045 660 3086; x_wconf 84' lang='lat' dir='ltr'><strong>et</strong></span> <span class='ocrx_word' id='word_1_345' title='bbox 669 3037 957 3102; x_wconf 79' lang='lat' dir='ltr'><strong>pertinacitariruperaut,</strong></span> <span class='ocrx_word' id='word_1_346' title='bbox 965 3045 1036 3101; x_wconf 86' lang='lat' dir='ltr'><strong>atque</strong></span> <span class='ocrx_word' id='word_1_347' title='bbox 1044 3038 1079 3086; x_wconf 87' lang='lat' dir='ltr'><strong>ita</strong></span> <span class='ocrx_word' id='word_1_348' title='bbox 1088 3052 1104 3086; x_wconf 84' lang='lat' dir='ltr'><strong>a</strong></span> <span class='ocrx_word' id='word_1_349' title='bbox 1114 3052 1180 3086; x_wconf 78' lang='lat' dir='ltr'><strong>terro</strong></span> <span class='ocrx_word' id='word_1_350' title='bbox 1190 3035 1223 3084; x_wconf 87' lang='lat' dir='ltr'><strong>ad</strong></span> 
     </span>
     <span class='ocr_line' id='line_1_32' title="bbox 127 3116 1223 3183; baseline -0.004 -14"><span class='ocrx_word' id='word_1_351' title='bbox 127 3119 352 3169; x_wconf 80' lang='lat' dir='ltr'><strong>retrunrmedeotee</strong></span> <span class='ocrx_word' id='word_1_352' title='bbox 359 3119 521 3168; x_wconf 67' lang='lat' dir='ltr'><strong>domnoleni?</strong></span> <span class='ocrx_word' id='word_1_353' title='bbox 540 3120 564 3166; x_wconf 90' lang='lat' dir='ltr'><strong>in</strong></span> <span class='ocrx_word' id='word_1_354' title='bbox 583 3133 631 3183; x_wconf 91' lang='lat' dir='ltr'><strong>quo</strong></span> <span class='ocrx_word' id='word_1_355' title='bbox 651 3133 708 3166; x_wconf 82' lang='lat' dir='ltr'><strong>aene</strong></span> <span class='ocrx_word' id='word_1_356' title='bbox 720 3117 752 3166; x_wconf 84' lang='lat' dir='ltr'><strong>ad</strong></span> <span class='ocrx_word' id='word_1_357' title='bbox 761 3120 878 3168; x_wconf 81' lang='lat' dir='ltr'><strong>oureudna</strong></span> <span class='ocrx_word' id='word_1_358' title='bbox 887 3121 1030 3182; x_wconf 70' lang='lat' dir='ltr'><strong>epiotantea</strong></span> <span class='ocrx_word' id='word_1_359' title='bbox 1040 3116 1135 3166; x_wconf 81' lang='lat' dir='ltr'><strong>domino</strong></span> <span class='ocrx_word' id='word_1_360' title='bbox 1145 3116 1223 3166; x_wconf 71' lang='lat' dir='ltr'><strong>ledii·</strong></span> 
     </span>
     <span class='ocr_line' id='line_1_33' title="bbox 128 3197 1223 3265; baseline -0.006 -15"><span class='ocrx_word' id='word_1_361' title='bbox 128 3211 200 3250; x_wconf 82' lang='lat' dir='ltr'><strong>teteru</strong></span> <span class='ocrx_word' id='word_1_362' title='bbox 219 3207 313 3265; x_wconf 73' lang='lat' dir='ltr'><strong>perant.</strong></span> <span class='ocrx_word' id='word_1_363' title='bbox 332 3201 393 3249; x_wconf 91' lang='lat' dir='ltr'><strong>liber</strong></span> <span class='ocrx_word' id='word_1_364' title='bbox 411 3207 492 3249; x_wconf 87' lang='lat' dir='ltr'><strong>autern</strong></span> <span class='ocrx_word' id='word_1_365' title='bbox 513 3197 620 3248; x_wconf 76' lang='lat' dir='ltr'><strong>medieni</strong></span> <span class='ocrx_word' id='word_1_366' title='bbox 639 3198 766 3246; x_wconf 72' lang='lat' dir='ltr'><strong>libonotum</strong></span> <span class='ocrx_word' id='word_1_367' title='bbox 784 3207 811 3246; x_wconf 91' lang='lat' dir='ltr'><strong>ut</strong></span> <span class='ocrx_word' id='word_1_368' title='bbox 829 3199 956 3262; x_wconf 78' lang='lat' dir='ltr'><strong>plurimum</strong></span> <span class='ocrx_word' id='word_1_369' title='bbox 974 3197 1066 3246; x_wconf 79' lang='lat' dir='ltr'><strong>uurbuu</strong></span> <span class='ocrx_word' id='word_1_370' title='bbox 1076 3204 1223 3259; x_wconf 85' lang='lat' dir='ltr'><strong>ooratatqua</strong></span> 
     </span>
     <span class='ocr_line' id='line_1_34' title="bbox 129 3277 1223 3344; baseline -0.007 -13"><span class='ocrx_word' id='word_1_371' title='bbox 129 3283 269 3338; x_wconf 74' lang='lat' dir='ltr'><strong>oonaiderat,</strong></span> <span class='ocrx_word' id='word_1_372' title='bbox 285 3282 321 3330; x_wconf 88' lang='lat' dir='ltr'><strong>ita</strong></span> <span class='ocrx_word' id='word_1_373' title='bbox 338 3289 366 3330; x_wconf 90' lang='lat' dir='ltr'><strong>ut</strong></span> <span class='ocrx_word' id='word_1_374' title='bbox 377 3294 393 3329; x_wconf 86' lang='lat' dir='ltr'><strong>a</strong></span> <span class='ocrx_word' id='word_1_375' title='bbox 405 3280 522 3344; x_wconf 82' lang='lat' dir='ltr'><strong>principio</strong></span> <span class='ocrx_word' id='word_1_376' title='bbox 534 3279 605 3328; x_wconf 82' lang='lat' dir='ltr'><strong>morbi</strong></span> <span class='ocrx_word' id='word_1_377' title='bbox 617 3286 725 3326; x_wconf 79' lang='lat' dir='ltr'><strong>naturam</strong></span> <span class='ocrx_word' id='word_1_378' title='bbox 734 3278 861 3342; x_wconf 73' lang='lat' dir='ltr'><strong>perquirat,</strong></span> <span class='ocrx_word' id='word_1_379' title='bbox 871 3277 1071 3339; x_wconf 74' lang='lat' dir='ltr'><strong>communiterque</strong></span> <span class='ocrx_word' id='word_1_380' title='bbox 1085 3290 1140 3324; x_wconf 86' lang='lat' dir='ltr'><strong>oorn</strong></span> <span class='ocrx_word' id='word_1_381' title='bbox 1150 3289 1223 3338; x_wconf 70' lang='lat' dir='ltr'><strong>epro-</strong></span> 
     </span>
     <span class='ocr_line' id='line_1_35' title="bbox 129 3355 1223 3428; baseline -0.005 -18"><span class='ocrx_word' id='word_1_382' title='bbox 129 3369 196 3410; x_wconf 86' lang='lat' dir='ltr'><strong>taute</strong></span> <span class='ocrx_word' id='word_1_383' title='bbox 212 3369 281 3427; x_wconf 79' lang='lat' dir='ltr'><strong>etqua</strong></span> <span class='ocrx_word' id='word_1_384' title='bbox 299 3361 351 3428; x_wconf 87' lang='lat' dir='ltr'><strong>ejun</strong></span> <span class='ocrx_word' id='word_1_385' title='bbox 369 3361 451 3410; x_wconf 79' lang='lat' dir='ltr'><strong>amicir</strong></span> <span class='ocrx_word' id='word_1_386' title='bbox 467 3367 581 3416; x_wconf 81' lang='lat' dir='ltr'><strong>veraelnr,</strong></span> <span class='ocrx_word' id='word_1_387' title='bbox 598 3369 647 3408; x_wconf 87' lang='lat' dir='ltr'><strong>tum</strong></span> <span class='ocrx_word' id='word_1_388' title='bbox 664 3358 781 3407; x_wconf 68' lang='lat' dir='ltr'><strong>uiuendo</strong></span> <span class='ocrx_word' id='word_1_389' title='bbox 789 3359 819 3406; x_wconf 86' lang='lat' dir='ltr'><strong>ab</strong></span> <span class='ocrx_word' id='word_1_390' title='bbox 829 3359 878 3406; x_wconf 81' lang='lat' dir='ltr'><strong>illia</strong></span> <span class='ocrx_word' id='word_1_391' title='bbox 885 3357 1001 3412; x_wconf 81' lang='lat' dir='ltr'><strong>nonnihil,</strong></span> <span class='ocrx_word' id='word_1_392' title='bbox 1011 3365 1077 3412; x_wconf 63' lang='lat' dir='ltr'><strong>tuna·</strong></span> <span class='ocrx_word' id='word_1_393' title='bbox 1082 3356 1159 3419; x_wconf 87' lang='lat' dir='ltr'><strong>quoad</strong></span> <span class='ocrx_word' id='word_1_394' title='bbox 1170 3355 1223 3404; x_wconf 81' lang='lat' dir='ltr'><strong>fleri</strong></span> 
     </span>
     <span class='ocr_line' id='line_1_36' title="bbox 129 3436 1222 3507; baseline -0.008 -15"><span class='ocrx_word' id='word_1_395' title='bbox 129 3451 218 3507; x_wconf 86' lang='lat' dir='ltr'><strong>puteat,</strong></span> <span class='ocrx_word' id='word_1_396' title='bbox 229 3443 334 3493; x_wconf 83' lang='lat' dir='ltr'><strong>docendo</strong></span> <span class='ocrx_word' id='word_1_397' title='bbox 346 3461 352 3490; x_wconf 83' lang='grc' dir='ltr'><strong>ι</strong></span> <span class='ocrx_word' id='word_1_398' title='bbox 370 3459 415 3492; x_wconf 85' lang='lat' dir='ltr'><strong>nec</strong></span> <span class='ocrx_word' id='word_1_399' title='bbox 426 3451 497 3490; x_wconf 68' lang='lat' dir='ltr'><strong>antea</strong></span> <span class='ocrx_word' id='word_1_400' title='bbox 506 3442 607 3505; x_wconf 84' lang='lat' dir='ltr'><strong>inrperat</strong></span> <span class='ocrx_word' id='word_1_401' title='bbox 616 3437 743 3504; x_wconf 82' lang='lat' dir='ltr'><strong>quiequam</strong></span> <span class='ocrx_word' id='word_1_402' title='bbox 753 3453 823 3504; x_wconf 85' lang='lat' dir='ltr'><strong>qnam</strong></span> <span class='ocrx_word' id='word_1_403' title='bbox 833 3437 982 3502; x_wconf 71' lang='lat' dir='ltr'><strong>peruenerit.</strong></span> <span class='ocrx_word' id='word_1_404' title='bbox 998 3443 1070 3502; x_wconf 88' lang='lat' dir='ltr'><strong>atque</strong></span> <span class='ocrx_word' id='word_1_405' title='bbox 1084 3436 1119 3484; x_wconf 88' lang='lat' dir='ltr'><strong>ita</strong></span> <span class='ocrx_word' id='word_1_406' title='bbox 1125 3451 1222 3499; x_wconf 71' lang='lat' dir='ltr'><strong>paura·</strong></span> 
     </span>
     <span class='ocr_line' id='line_1_37' title="bbox 128 3515 1222 3589; baseline -0.006 -16"><span class='ocrx_word' id='word_1_407' title='bbox 128 3525 207 3573; x_wconf 88' lang='lat' dir='ltr'><strong>dendo</strong></span> <span class='ocrx_word' id='word_1_408' title='bbox 218 3523 319 3589; x_wconf 76' lang='lat' dir='ltr'><strong>temper,</strong></span> <span class='ocrx_word' id='word_1_409' title='bbox 329 3529 449 3572; x_wconf 82' lang='lat' dir='ltr'><strong>monnoete</strong></span> <span class='ocrx_word' id='word_1_410' title='bbox 460 3523 490 3570; x_wconf 88' lang='lat' dir='ltr'><strong>ad</strong></span> <span class='ocrx_word' id='word_1_411' title='bbox 502 3521 626 3569; x_wconf 80' lang='lat' dir='ltr'><strong>rardtntern</strong></span> <span class='ocrx_word' id='word_1_412' title='bbox 636 3521 766 3584; x_wconf 80' lang='lat' dir='ltr'><strong>perdocere</strong></span> <span class='ocrx_word' id='word_1_413' title='bbox 783 3527 924 3583; x_wconf 69' lang='lat' dir='ltr'><strong>equitante·</strong></span> <span class='ocrx_word' id='word_1_414' title='bbox 938 3525 1046 3568; x_wconf 68' lang='lat' dir='ltr'><strong>nonem.</strong></span> <span class='ocrx_word' id='word_1_415' title='bbox 1063 3524 1114 3566; x_wconf 84' lang='lat' dir='ltr'><strong>oter</strong></span> <span class='ocrx_word' id='word_1_416' title='bbox 1136 3515 1222 3566; x_wconf 80' lang='lat' dir='ltr'><strong>melior</strong></span> 
     </span>
     <span class='ocr_line' id='line_1_38' title="bbox 129 3598 1223 3665; baseline -0.006 -10"><span class='ocrx_word' id='word_1_417' title='bbox 129 3613 164 3654; x_wconf 83' lang='lat' dir='ltr'><strong>eat</strong></span> <span class='ocrx_word' id='word_1_418' title='bbox 179 3615 205 3654; x_wconf 88' lang='lat' dir='ltr'><strong>et</strong></span> <span class='ocrx_word' id='word_1_419' title='bbox 221 3603 328 3654; x_wconf 78' lang='lat' dir='ltr'><strong>medicor</strong></span> <span class='ocrx_word' id='word_1_420' title='bbox 344 3613 369 3653; x_wconf 89' lang='lat' dir='ltr'><strong>et</strong></span> <span class='ocrx_word' id='word_1_421' title='bbox 387 3603 541 3653; x_wconf 76' lang='lat' dir='ltr'><strong>exercitator?</strong></span> <span class='ocrx_word' id='word_1_422' title='bbox 558 3602 599 3665; x_wconf 91' lang='lat' dir='ltr'><strong>qui</strong></span> <span class='ocrx_word' id='word_1_423' title='bbox 617 3601 660 3658; x_wconf 81' lang='lat' dir='ltr'><strong>eie,</strong></span> <span class='ocrx_word' id='word_1_424' title='bbox 680 3615 711 3650; x_wconf 85' lang='lat' dir='ltr'><strong>an</strong></span> <span class='ocrx_word' id='word_1_425' title='bbox 730 3601 772 3665; x_wconf 89' lang='lat' dir='ltr'><strong>qui</strong></span> <span class='ocrx_word' id='word_1_426' title='bbox 782 3599 853 3650; x_wconf 82' lang='lat' dir='ltr'><strong>modu</strong></span> <span class='ocrx_word' id='word_1_427' title='bbox 861 3599 905 3650; x_wconf 91' lang='lat' dir='ltr'><strong>illo</strong></span> <span class='ocrx_word' id='word_1_428' title='bbox 914 3600 1021 3648; x_wconf 80' lang='lat' dir='ltr'><strong>nredeou</strong></span> <span class='ocrx_word' id='word_1_429' title='bbox 1031 3609 1101 3662; x_wconf 81' lang='lat' dir='ltr'><strong>atque</strong></span> <span class='ocrx_word' id='word_1_430' title='bbox 1110 3598 1223 3648; x_wconf 74' lang='lat' dir='ltr'><strong>exercet?</strong></span> 
     </span>
     <span class='ocr_line' id='line_1_39' title="bbox 131 3677 1224 3751; baseline -0.007 -15"><span class='ocrx_word' id='word_1_431' title='bbox 131 3689 171 3751; x_wconf 89' lang='lat' dir='ltr'><strong>qni</strong></span> <span class='ocrx_word' id='word_1_432' title='bbox 180 3687 293 3736; x_wconf 78' lang='lat' dir='ltr'><strong>videlieet</strong></span> <span class='ocrx_word' id='word_1_433' title='bbox 302 3685 429 3750; x_wconf 71' lang='lat' dir='ltr'><strong>dupliciter</strong></span> <span class='ocrx_word' id='word_1_434' title='bbox 439 3685 487 3732; x_wconf 75' lang='lat' dir='ltr'><strong>viru</strong></span> <span class='ocrx_word' id='word_1_435' title='bbox 497 3697 567 3731; x_wconf 82' lang='lat' dir='ltr'><strong>onom</strong></span> <span class='ocrx_word' id='word_1_436' title='bbox 579 3683 680 3746; x_wconf 77' lang='lat' dir='ltr'><strong>petiuit,</strong></span> <span class='ocrx_word' id='word_1_437' title='bbox 689 3697 721 3730; x_wconf 89' lang='lat' dir='ltr'><strong>an</strong></span> <span class='ocrx_word' id='word_1_438' title='bbox 731 3682 771 3746; x_wconf 87' lang='lat' dir='ltr'><strong>qni</strong></span> <span class='ocrx_word' id='word_1_439' title='bbox 783 3681 938 3746; x_wconf 77' lang='lat' dir='ltr'><strong>dupliciter?</strong></span> <span class='ocrx_word' id='word_1_440' title='bbox 955 3687 980 3728; x_wconf 92' lang='lat' dir='ltr'><strong>et</strong></span> <span class='ocrx_word' id='word_1_441' title='bbox 990 3695 1052 3736; x_wconf 79' lang='lat' dir='ltr'><strong>euin.</strong></span> <span class='ocrx_word' id='word_1_442' title='bbox 1063 3679 1105 3744; x_wconf 87' lang='lat' dir='ltr'><strong>qui</strong></span> <span class='ocrx_word' id='word_1_443' title='bbox 1119 3677 1224 3728; x_wconf 74' lang='lat' dir='ltr'><strong>deterior</strong></span> 
     </span>
     <span class='ocr_line' id='line_1_40' title="bbox 131 3761 1222 3832; baseline -0.008 -16"><span class='ocrx_word' id='word_1_444' title='bbox 131 3783 158 3816; x_wconf 79' lang='lat' dir='ltr'><strong>er</strong></span> <span class='ocrx_word' id='word_1_445' title='bbox 174 3769 266 3818; x_wconf 84' lang='lat' dir='ltr'><strong>duobua</strong></span> <span class='ocrx_word' id='word_1_446' title='bbox 285 3775 358 3832; x_wconf 84' lang='lat' dir='ltr'><strong>atqua</strong></span> <span class='ocrx_word' id='word_1_447' title='bbox 374 3766 474 3815; x_wconf 80' lang='lat' dir='ltr'><strong>atrocior</strong></span> <span class='ocrx_word' id='word_1_448' title='bbox 482 3763 566 3814; x_wconf 81' lang='lat' dir='ltr'><strong>modun</strong></span> <span class='ocrx_word' id='word_1_449' title='bbox 572 3771 620 3826; x_wconf 86' lang='lat' dir='ltr'><strong>eet,</strong></span> <span class='ocrx_word' id='word_1_450' title='bbox 630 3763 784 3828; x_wconf 82' lang='lat' dir='ltr'><strong>ernequitur?</strong></span> <span class='ocrx_word' id='word_1_451' title='bbox 818 3761 876 3811; x_wconf 77' lang='lat' dir='ltr'><strong>Cur.</strong></span> <span class='ocrx_word' id='word_1_452' title='bbox 894 3762 999 3810; x_wconf 82' lang='lat' dir='ltr'><strong>llnltotn</strong></span> <span class='ocrx_word' id='word_1_453' title='bbox 1013 3767 1118 3824; x_wconf 80' lang='lat' dir='ltr'><strong>prnrtat,</strong></span> <span class='ocrx_word' id='word_1_454' title='bbox 1127 3761 1222 3824; x_wconf 75' lang='lat' dir='ltr'><strong>inopen,</strong></span> 
     </span>
     <span class='ocr_line' id='line_1_41' title="bbox 130 3841 1222 3916; baseline -0.006 -17"><span class='ocrx_word' id='word_1_455' title='bbox 130 3853 169 3916; x_wconf 90' lang='lat' dir='ltr'><strong>qui</strong></span> <span class='ocrx_word' id='word_1_456' title='bbox 179 3851 223 3899; x_wconf 87' lang='lat' dir='ltr'><strong>hoc</strong></span> <span class='ocrx_word' id='word_1_457' title='bbox 233 3847 361 3912; x_wconf 79' lang='lat' dir='ltr'><strong>dupliciter</strong></span> <span class='ocrx_word' id='word_1_458' title='bbox 371 3847 470 3912; x_wconf 70' lang='lat' dir='ltr'><strong>peragit.</strong></span> <span class='ocrx_word' id='word_1_459' title='bbox 496 3845 600 3895; x_wconf 79' lang='grc' dir='ltr'><strong>Διιιιιι.</strong></span> <span class='ocrx_word' id='word_1_460' title='bbox 616 3845 661 3894; x_wconf 84' lang='lat' dir='ltr'><strong>Via</strong></span> <span class='ocrx_word' id='word_1_461' title='bbox 676 3859 743 3910; x_wconf 72' lang='lat' dir='ltr'><strong>ergo,</strong></span> <span class='ocrx_word' id='word_1_462' title='bbox 752 3843 841 3909; x_wconf 85' lang='lat' dir='ltr'><strong>duplex</strong></span> <span class='ocrx_word' id='word_1_463' title='bbox 850 3845 895 3892; x_wconf 84' lang='lat' dir='ltr'><strong>huc</strong></span> <span class='ocrx_word' id='word_1_464' title='bbox 903 3849 974 3907; x_wconf 85' lang='lat' dir='ltr'><strong>atque</strong></span> <span class='ocrx_word' id='word_1_465' title='bbox 982 3842 1092 3906; x_wconf 75' lang='lat' dir='ltr'><strong>iimplex,</strong></span> <span class='ocrx_word' id='word_1_466' title='bbox 1103 3841 1222 3906; x_wconf 80' lang='lat' dir='ltr'><strong>quomodo</strong></span> 
     </span>
     <span class='ocr_line' id='line_1_42' title="bbox 129 3923 1222 3995; baseline -0.005 -16"><span class='ocrx_word' id='word_1_467' title='bbox 129 3931 153 3979; x_wconf 90' lang='lat' dir='ltr'><strong>in</strong></span> <span class='ocrx_word' id='word_1_468' title='bbox 173 3930 265 3995; x_wconf 79' lang='lat' dir='ltr'><strong>legibue</strong></span> <span class='ocrx_word' id='word_1_469' title='bbox 271 3929 376 3978; x_wconf 69' lang='lat' dir='ltr'><strong>semodio</strong></span> <span class='ocrx_word' id='word_1_470' title='bbox 389 3928 438 3983; x_wconf 83' lang='lat' dir='ltr'><strong>fiat,</strong></span> <span class='ocrx_word' id='word_1_471' title='bbox 453 3927 648 3977; x_wconf 83' lang='lat' dir='ltr'><strong>oooniderentue?</strong></span> <span class='ocrx_word' id='word_1_472' title='bbox 682 3929 739 3976; x_wconf 80' lang='lat' dir='ltr'><strong>cnr.</strong></span> <span class='ocrx_word' id='word_1_473' title='bbox 753 3925 815 3974; x_wconf 88' lang='lat' dir='ltr'><strong>Volo</strong></span> <span class='ocrx_word' id='word_1_474' title='bbox 825 3923 944 3989; x_wconf 82' lang='lat' dir='ltr'><strong>equidem.</strong></span> <span class='ocrx_word' id='word_1_475' title='bbox 975 3923 1079 3972; x_wconf 80' lang='grc' dir='ltr'><strong>Αιιιιιι.</strong></span> <span class='ocrx_word' id='word_1_476' title='bbox 1094 3923 1152 3982; x_wconf 84' lang='lat' dir='ltr'><strong>Dio,</strong></span> <span class='ocrx_word' id='word_1_477' title='bbox 1168 3938 1222 3987; x_wconf 75' lang='lat' dir='ltr'><strong>ege.</strong></span> 
     </span>
     <span class='ocr_line' id='line_1_43' title="bbox 130 4005 1222 4076; baseline -0.005 -16"><span class='ocrx_word' id='word_1_478' title='bbox 130 4019 171 4076; x_wconf 80' lang='lat' dir='ltr'><strong>per</strong></span> <span class='ocrx_word' id='word_1_479' title='bbox 181 4011 255 4067; x_wconf 75' lang='lat' dir='ltr'><strong>Dent,</strong></span> <span class='ocrx_word' id='word_1_480' title='bbox 266 4023 336 4075; x_wconf 81' lang='lat' dir='ltr'><strong>qnam</strong></span> <span class='ocrx_word' id='word_1_481' title='bbox 345 4009 406 4074; x_wconf 76' lang='lat' dir='ltr'><strong>legin</strong></span> <span class='ocrx_word' id='word_1_482' title='bbox 415 4008 521 4058; x_wconf 82' lang='lat' dir='ltr'><strong>eonditor</strong></span> <span class='ocrx_word' id='word_1_483' title='bbox 531 4009 631 4072; x_wconf 78' lang='lat' dir='ltr'><strong>primam</strong></span> <span class='ocrx_word' id='word_1_484' title='bbox 643 4009 717 4071; x_wconf 69' lang='lat' dir='ltr'><strong>legem</strong></span> <span class='ocrx_word' id='word_1_485' title='bbox 728 4007 877 4056; x_wconf 64' lang='lat' dir='ltr'><strong>nonnihit?</strong></span> <span class='ocrx_word' id='word_1_486' title='bbox 896 4020 928 4054; x_wconf 86' lang='lat' dir='ltr'><strong>aa</strong></span> <span class='ocrx_word' id='word_1_487' title='bbox 946 4019 995 4054; x_wconf 91' lang='lat' dir='ltr'><strong>non</strong></span> <span class='ocrx_word' id='word_1_488' title='bbox 1012 4005 1141 4054; x_wconf 64' lang='lat' dir='ltr'><strong>anundum</strong></span> <span class='ocrx_word' id='word_1_489' title='bbox 1149 4013 1222 4054; x_wconf 84' lang='lat' dir='ltr'><strong>natu·</strong></span> 
     </span>
    </p>
   </div>
   <div class='ocr_carea' id='block_1_3' title="bbox 129 4085 1224 4641">
    <p class='ocr_par' dir='ltr' id='par_1_3' title="bbox 129 4085 1224 4641">
     <span class='ocr_line' id='line_1_44' title="bbox 130 4085 1220 4158; baseline -0.006 -17"><span class='ocrx_word' id='word_1_490' title='bbox 130 4107 177 4141; x_wconf 82' lang='lat' dir='ltr'><strong>run</strong></span> <span class='ocrx_word' id='word_1_491' title='bbox 197 4092 300 4158; x_wconf 84' lang='lat' dir='ltr'><strong>primurn</strong></span> <span class='ocrx_word' id='word_1_492' title='bbox 315 4089 473 4154; x_wconf 63' lang='lat' dir='ltr'><strong>mentioni·</strong></span> <span class='ocrx_word' id='word_1_493' title='bbox 490 4090 626 4138; x_wconf 80' lang='lat' dir='ltr'><strong>incivitate</strong></span> <span class='ocrx_word' id='word_1_494' title='bbox 644 4087 786 4152; x_wconf 83' lang='lat' dir='ltr'><strong>principium</strong></span> <span class='ocrx_word' id='word_1_495' title='bbox 802 4096 858 4136; x_wconf 86' lang='lat' dir='ltr'><strong>ante</strong></span> <span class='ocrx_word' id='word_1_496' title='bbox 878 4086 958 4136; x_wconf 76' lang='lat' dir='ltr'><strong>omnia</strong></span> <span class='ocrx_word' id='word_1_497' title='bbox 973 4087 1066 4150; x_wconf 73' lang='lat' dir='ltr'><strong>legibue</strong></span> <span class='ocrx_word' id='word_1_498' title='bbox 1081 4085 1220 4135; x_wconf 71' lang='grc' dir='ltr'><strong>ιιοιιιώίιὲ</strong></span> 
     </span>
     <span class='ocr_line' id='line_1_45' title="bbox 131 4167 1223 4238; baseline -0.007 -14"><span class='ocrx_word' id='word_1_499' title='bbox 131 4171 203 4238; x_wconf 79' lang='lat' dir='ltr'><strong>[tlt]</strong></span> <span class='ocrx_word' id='word_1_500' title='bbox 213 4171 273 4223; x_wconf 82' lang='lat' dir='ltr'><strong>cnr.</strong></span> <span class='ocrx_word' id='word_1_501' title='bbox 283 4171 365 4221; x_wconf 84' lang='lat' dir='ltr'><strong>Plane.</strong></span> <span class='ocrx_word' id='word_1_502' title='bbox 382 4172 486 4220; x_wconf 81' lang='grc' dir='ltr'><strong>Ατιιιιι.</strong></span> <span class='ocrx_word' id='word_1_503' title='bbox 493 4169 639 4234; x_wconf 77' lang='lat' dir='ltr'><strong>Principium</strong></span> <span class='ocrx_word' id='word_1_504' title='bbox 648 4177 726 4218; x_wconf 79' lang='lat' dir='ltr'><strong>autern</strong></span> <span class='ocrx_word' id='word_1_505' title='bbox 735 4169 891 4232; x_wconf 69' lang='lat' dir='ltr'><strong>generationis</strong></span> <span class='ocrx_word' id='word_1_506' title='bbox 900 4168 1008 4218; x_wconf 79' lang='lat' dir='ltr'><strong>omnlino</strong></span> <span class='ocrx_word' id='word_1_507' title='bbox 1015 4167 1150 4216; x_wconf 70' lang='lat' dir='ltr'><strong>civitatibus</strong></span> <span class='ocrx_word' id='word_1_508' title='bbox 1157 4181 1223 4230; x_wconf 89' lang='lat' dir='ltr'><strong>nup·</strong></span> 
     </span>
     <span class='ocr_line' id='line_1_46' title="bbox 129 4245 1224 4317; baseline -0.005 -16"><span class='ocrx_word' id='word_1_509' title='bbox 129 4253 214 4302; x_wconf 79' lang='lat' dir='ltr'><strong>daturo</strong></span> <span class='ocrx_word' id='word_1_510' title='bbox 236 4261 368 4303; x_wconf 81' lang='lat' dir='ltr'><strong>eonventua</strong></span> <span class='ocrx_word' id='word_1_511' title='bbox 387 4245 459 4317; x_wconf 76' lang='lat' dir='ltr'><strong>etque</strong></span> <span class='ocrx_word' id='word_1_512' title='bbox 479 4251 621 4301; x_wconf 80' lang='lat' dir='ltr'><strong>eommunio.</strong></span> <span class='ocrx_word' id='word_1_513' title='bbox 654 4247 713 4297; x_wconf 79' lang='lat' dir='ltr'><strong>Car.</strong></span> <span class='ocrx_word' id='word_1_514' title='bbox 735 4249 833 4314; x_wconf 85' lang='lat' dir='ltr'><strong>Utique.</strong></span> <span class='ocrx_word' id='word_1_515' title='bbox 866 4249 970 4298; x_wconf 78' lang='lat' dir='ltr'><strong>Arana.</strong></span> <span class='ocrx_word' id='word_1_516' title='bbox 986 4247 1224 4311; x_wconf 73' lang='lat' dir='ltr'><strong>Quueainopdalea</strong></span> 
     </span>
     <span class='ocr_line' id='line_1_47' title="bbox 129 4327 1222 4400; baseline -0.009 -16"><span class='ocrx_word' id='word_1_517' title='bbox 129 4327 228 4397; x_wconf 73' lang='lat' dir='ltr'><strong>prirndnn</strong></span> <span class='ocrx_word' id='word_1_518' title='bbox 248 4335 314 4399; x_wconf 74' lang='lat' dir='ltr'><strong>leger</strong></span> <span class='ocrx_word' id='word_1_519' title='bbox 332 4341 458 4400; x_wconf 62' lang='lat' dir='ltr'><strong>ponantna</strong></span> <span class='ocrx_word' id='word_1_520' title='bbox 477 4333 537 4383; x_wconf 80' lang='lat' dir='ltr'><strong>bene</strong></span> <span class='ocrx_word' id='word_1_521' title='bbox 555 4334 586 4381; x_wconf 84' lang='lat' dir='ltr'><strong>ad</strong></span> <span class='ocrx_word' id='word_1_522' title='bbox 605 4345 698 4381; x_wconf 82' lang='lat' dir='ltr'><strong>ouuern</strong></span> <span class='ocrx_word' id='word_1_523' title='bbox 718 4330 838 4380; x_wconf 78' lang='lat' dir='ltr'><strong>civitatem</strong></span> <span class='ocrx_word' id='word_1_524' title='bbox 851 4339 914 4380; x_wconf 84' lang='lat' dir='ltr'><strong>reete</strong></span> <span class='ocrx_word' id='word_1_525' title='bbox 930 4327 1122 4380; x_wconf 79' lang='lat' dir='ltr'><strong>oonndtoeudanr</strong></span> <span class='ocrx_word' id='word_1_526' title='bbox 1139 4327 1222 4392; x_wconf 81' lang='lat' dir='ltr'><strong>ponite</strong></span> 
     </span>
     <span class='ocr_line' id='line_1_48' title="bbox 129 4408 1221 4477; baseline -0.005 -15"><span class='ocrx_word' id='word_1_527' title='bbox 129 4415 278 4464; x_wconf 83' lang='lat' dir='ltr'><strong>ridebuntur.</strong></span> <span class='ocrx_word' id='word_1_528' title='bbox 311 4415 369 4466; x_wconf 79' lang='lat' dir='ltr'><strong>Car.</strong></span> <span class='ocrx_word' id='word_1_529' title='bbox 386 4415 426 4465; x_wconf 79' lang='lat' dir='ltr'><strong>ele</strong></span> <span class='ocrx_word' id='word_1_530' title='bbox 444 4421 481 4466; x_wconf 86' lang='lat' dir='ltr'><strong>eit</strong></span> <span class='ocrx_word' id='word_1_531' title='bbox 499 4417 603 4465; x_wconf 73' lang='lat' dir='ltr'><strong>munito.</strong></span> <span class='ocrx_word' id='word_1_532' title='bbox 637 4413 742 4462; x_wconf 71' lang='lat' dir='ltr'><strong>Arriae.</strong></span> <span class='ocrx_word' id='word_1_533' title='bbox 757 4411 896 4477; x_wconf 81' lang='lat' dir='ltr'><strong>Simplioent</strong></span> <span class='ocrx_word' id='word_1_534' title='bbox 913 4427 969 4476; x_wconf 69' lang='lat' dir='ltr'><strong>ergo</strong></span> <span class='ocrx_word' id='word_1_535' title='bbox 985 4411 1087 4475; x_wconf 81' lang='lat' dir='ltr'><strong>priorum</strong></span> <span class='ocrx_word' id='word_1_536' title='bbox 1106 4408 1221 4464; x_wconf 71' lang='lat' dir='ltr'><strong>dicamur.</strong></span> 
     </span>
     <span class='ocr_line' id='line_1_49' title="bbox 130 4485 1222 4558; baseline -0.006 -16"><span class='ocrx_word' id='word_1_537' title='bbox 130 4509 181 4558; x_wconf 76' lang='lat' dir='ltr'><strong>qne</strong></span> <span class='ocrx_word' id='word_1_538' title='bbox 199 4497 234 4544; x_wconf 81' lang='lat' dir='ltr'><strong>nie</strong></span> <span class='ocrx_word' id='word_1_539' title='bbox 255 4503 281 4544; x_wconf 84' lang='lat' dir='ltr'><strong>ne</strong></span> <span class='ocrx_word' id='word_1_540' title='bbox 301 4495 378 4546; x_wconf 76' lang='lat' dir='ltr'><strong>forsan</strong></span> <span class='ocrx_word' id='word_1_541' title='bbox 398 4496 509 4544; x_wconf 74' lang='lat' dir='ltr'><strong>habebit:</strong></span> <span class='ocrx_word' id='word_1_542' title='bbox 528 4493 740 4558; x_wconf 80' lang='lat' dir='ltr'><strong>uroremquirque</strong></span> <span class='ocrx_word' id='word_1_543' title='bbox 761 4494 911 4557; x_wconf 79' lang='lat' dir='ltr'><strong>ntdgenimo</strong></span> <span class='ocrx_word' id='word_1_544' title='bbox 930 4503 1074 4554; x_wconf 86' lang='lat' dir='ltr'><strong>annonaque</strong></span> <span class='ocrx_word' id='word_1_545' title='bbox 1085 4488 1116 4535; x_wconf 85' lang='lat' dir='ltr'><strong>ad</strong></span> <span class='ocrx_word' id='word_1_546' title='bbox 1129 4485 1222 4550; x_wconf 75' lang='lat' dir='ltr'><strong>trigeni·</strong></span> 
     </span>
     <span class='ocr_line' id='line_1_50' title="bbox 129 4569 1222 4641; baseline -0.01 -15"><span class='ocrx_word' id='word_1_547' title='bbox 129 4589 193 4626; x_wconf 82' lang='lat' dir='ltr'><strong>ranrn</strong></span> <span class='ocrx_word' id='word_1_548' title='bbox 212 4577 321 4641; x_wconf 82' lang='lat' dir='ltr'><strong>quintum</strong></span> <span class='ocrx_word' id='word_1_549' title='bbox 343 4577 423 4629; x_wconf 83' lang='lat' dir='ltr'><strong>ducet.</strong></span> <span class='ocrx_word' id='word_1_550' title='bbox 439 4577 459 4626; x_wconf 79' lang='lat' dir='ltr'><strong>ai</strong></span> <span class='ocrx_word' id='word_1_551' title='bbox 478 4591 528 4628; x_wconf 85' lang='lat' dir='ltr'><strong>oon</strong></span> <span class='ocrx_word' id='word_1_552' title='bbox 548 4575 649 4632; x_wconf 82' lang='lat' dir='ltr'><strong>duxerit,</strong></span> <span class='ocrx_word' id='word_1_553' title='bbox 669 4574 771 4640; x_wconf 82' lang='lat' dir='ltr'><strong>pecunie</strong></span> <span class='ocrx_word' id='word_1_554' title='bbox 791 4575 915 4626; x_wconf 82' lang='lat' dir='ltr'><strong>muletatur</strong></span> <span class='ocrx_word' id='word_1_555' title='bbox 933 4569 1138 4636; x_wconf 74' lang='lat' dir='ltr'><strong>atquedrdeeore,</strong></span> <span class='ocrx_word' id='word_1_556' title='bbox 1149 4581 1222 4632; x_wconf 82' lang='lat' dir='ltr'><strong>penu·</strong></span> 
     </span>
    </p>
   </div>
   <div class='ocr_carea' id='block_1_4' title="bbox 0 0 1554 5314">
    <p class='ocr_par' dir='ltr' id='par_1_4' title="bbox 0 0 1554 5314">
     <span class='ocr_line' id='line_1_51' title="bbox 0 0 1554 5314; baseline 0 0"><span class='ocrx_word' id='word_1_557' title='bbox 0 0 1554 5314; x_wconf 95' lang='lat' dir='ltr'><strong> </strong></span> 
     </span>
    </p>
   </div>
  </div>
 </body>
</html>
