3182 5300
322 527 383 586 sss
673 522 873 583 retronis
896 519 1082 581 nsuuoer.
1351 521 1424 600 [roo

321 693 382 736 esse,
392 679 480 728 honum
489 693 542 729 esse
553 679 646 734 usserit,
654 677 811 742 quomodode
819 678 864 726 hoc
874 690 914 726 res
926 690 952 724 se
962 675 1043 724 hebet.
1058 671 1094 722 hs
1101 687 1147 740 ego
1156 673 1271 738 (inquit),
1281 687 1297 721 o
1307 672 1427 730 Sursum

320 759 381 808 nihil
394 762 542 824 prestantius
553 775 622 824 quem
631 759 673 808 ulii
684 758 801 812 homiues,
818 757 919 806 divitem
936 771 998 810 esse,
1015 755 1071 803 dieo
1088 769 1150 804 esse.
1183 755 1247 802 Nem
1264 754 1354 802 multas
1366 767 1428 818 opes

320 841 454 904 possidere,
466 842 564 890 divitem
573 855 625 890 esse
636 855 681 904 ego
692 854 746 888 esse
756 851 854 887 oeuseo.
887 836 996 885 Arbitror
1006 843 1087 884 sutem
1097 835 1232 885 et'crit'mu
1242 837 1316 892 hune,
1325 834 1428 884 diuitem

321 935 431 970 essenon
444 921 572 970 aliudesse
585 931 675 985 putare.
710 917 866 981 Adhuc'ergo
876 917 947 964 etism
959 917 994 964 sie
1011 916 1123 980 (iuquam
1140 917 1197 982 ego)
1217 917 1334 979 reliquum
1353 915 1428 964 iuuit

322 1004 471 1051 considerare
482 1005 565 1067 quoles
573 1003 622 1050 siut
628 1017 695 1066 opes,
706 1009 776 1048 utne
787 1000 858 1062 paulo
865 999 987 1062 posterius
997 999 1029 1045 de
1039 999 1084 1046 hoc
1092 1013 1172 1046 rursus
1188 996 1333 1046 eorundem
1344 995 1428 1043 sides·

263 1137 267 1145 ,
323 1083 390 1132 mini.
408 1083 472 1132 Nem
483 1083 548 1131 verbi
559 1083 643 1148 gretie,
654 1081 856 1144 cmtsginemes
874 1079 899 1127 ui
917 1079 1061 1127 numisioste
1077 1085 1178 1128 utuntur
1192 1075 1330 1142 ejusmodi:
1349 1077 1426 1142 [000]

322 1163 348 1211 iu
367 1165 426 1213 corii
443 1165 521 1214 irusto
536 1179 608 1228 perro
624 1163 731 1226 deligato
745 1169 783 1209 est
800 1159 941 1224 magnitudo
958 1160 1062 1208 merisne
1077 1167 1168 1225 qusutn
1181 1167 1221 1207 est
1239 1158 1348 1206 steteris:
1366 1157 1427 1220 quid

322 1259 378 1292 vero
389 1244 421 1292 eit
431 1244 456 1292 id
468 1244 533 1308 quod
542 1243 658 1307 illigatum
669 1251 714 1298 est,
726 1256 797 1290 nemo
807 1241 882 1297 norit,
892 1241 940 1290 nisi
951 1241 976 1288 hi
995 1241 1037 1304 qui
1051 1241 1152 1290 iseiunt.
1169 1239 1258 1288 dmnde
1272 1239 1369 1303 ignoto
1380 1239 1428 1287 isse

323 1341 367 1389 pro
383 1325 525 1374 numismate
534 1333 642 1374 utuntur.
676 1324 709 1371 Et
723 1323 765 1386 qui
782 1321 886 1386 plurimu
901 1321 1020 1387 ejusmodi
1036 1321 1153 1386 possidet,
1172 1321 1211 1369 hio
1232 1320 1350 1384 plurimus
1367 1334 1428 1383 opes

322 1407 445 1470 possidere
455 1406 560 1463 videtur,
570 1413 595 1454 et
605 1405 735 1454 ditissimus
744 1418 806 1451 esse.
839 1403 866 1450 Si
875 1417 932 1451 vero
942 1403 996 1466 quie
1005 1402 1073 1466 epod
1090 1417 1135 1450 uos
1155 1401 1259 1466 plurimu
1272 1400 1331 1448 tulis
1348 1401 1429 1464 poui-

321 1487 399 1550 ἀετοί,
410 1487 486 1536 nihilo
498 1487 573 1549 megi:
584 1485 652 1534 dives
673 1492 737 1534 esset
752 1499 825 1548 quum
845 1484 866 1532 si
883 1483 972 1532 multos
988 1485 1095 1532 calculos
1110 1489 1239 1531 montsoos
1254 1482 1363 1531 heberet.
1395 1480 1428 1529 Is

322 1568 496 1616 Lecedaernone
506 1583 573 1624 vero,
581 1567 657 1614 lesreo
666 1565 773 1630 pondere
783 1580 826 1629 pro
835 1564 1097 1622 numismste'utuntur,
1107 1573 1134 1612 et
1143 1565 1241 1629 quidem
1250 1563 1341 1611 inutilis
1350 1563 1406 1610 ierri
1416 1577 1424 1608 s

323 1649 401 1712 etqui
416 1650 517 1697 multum
531 1645 653 1712 ejusmodi
667 1647 724 1695 terri
743 1647 836 1710 pondus
853 1644 969 1710 possidet,
986 1645 1055 1694 dives
1074 1660 1128 1694 esee
1147 1652 1255 1710 putetur,
1274 1659 1347 1707 quum
1369 1643 1428 1692 siut

322 1729 411 1778 nullius
421 1729 493 1793 pretii
504 1729 620 1793 possessio
631 1729 681 1776 hec
697 1729 738 1778 sit.
771 1726 801 1774 In
816 1726 943 1790 AEthiopis
958 1741 1014 1776 vero
1033 1726 1155 1790 lapidibus
1172 1726 1298 1789 insculptis
1317 1731 1427 1780 utuntur,

322 1811 410 1874 quibus
419 1810 613 1859 Lacedaemonius
622 1809 657 1856 sir
667 1807 698 1857 ed
710 1807 801 1856 nullutn
807 1823 856 1856 runs
866 1807 900 1855 uti
910 1815 1000 1871 posset.
1031 1807 1062 1854 Iu
1071 1807 1169 1872 Scythis
1183 1815 1264 1854 sutem
1275 1805 1428 1855 Nomentum

322 1889 397 1954 siquis
407 1879 542 1955 Pulytionis
550 1890 646 1938 domurn
658 1889 802 1954 possideret,
816 1889 892 1936 nihilo
903 1888 975 1936 ditior
988 1901 1041 1936 esse
1050 1887 1172 1937 videretur
1187 1903 1261 1951 qusm
1275 1888 1297 1935 si
1307 1886 1371 1950 spnd
1383 1900 1428 1935 sos

324 1970 489 2034 Lycabettum.
522 1969 627 2020 Proinde
646 1970 799 2018 menifestum
817 1975 921 2017 estnon
943 1964 1037 2033 singule
1056 1970 1108 2018 hrec
1125 1983 1186 2032 opes
1205 1983 1267 2025 esse,
1288 1967 1310 2016 si
1330 1967 1429 2032 quiden

322 2051 399 2114 aliqui
417 2065 563 2115 possessores
580 2050 657 2099 nihilo
670 2050 769 2100 ditiores
787 2049 845 2098 inde
864 2048 992 2098 videntur:
1010 2048 1055 2097 sed
1072 2055 1137 2106 sunt,
1149 2047 1358 2112 iriquum-ingul-
1376 2049 1429 2096 line

322 2131 377 2179 eliis
387 2131 483 2194 quidem
493 2145 560 2195 opes,
572 2132 598 2180 et
607 2130 693 2180 divites
704 2139 760 2180 sunt
768 2131 811 2194 qui
820 2131 871 2178 hee
881 2115 1019 2194 possident:
1037 2129 1091 2178 eliis
1100 2137 1182 2178 sutem
1191 2143 1271 2193 neque
1285 2143 1346 2194 opes
1361 2137 1428 2186 suut,

301 2217 304 2230 ¹
321 2225 401 2274 sssque
408 2210 466 2260 iude
473 2211 573 2260 ditiores
587 2218 659 2260 sunt:
676 2211 744 2260 velut
753 2225 833 2274 neque
842 2209 942 2274 pulchre
949 2217 973 2258 et
982 2210 1061 2274 turpis
1069 2210 1179 2258 omnibus
1188 2208 1427 2266 sniumundos·

322 2291 378 2340 uiis.
410 2291 502 2342 Sivero
512 2292 661 2341 considerare
679 2292 781 2340 velimus
798 2306 842 2340 eur
862 2291 961 2340 taudem
978 2291 1072 2356 Scythis
1087 2291 1184 2355 quidem
1200 2290 1282 2338 domus
1299 2304 1348 2337 nou
1365 2297 1424 2337 sunt

323 2388 391 2437 spes,
403 2373 472 2421 nobis
480 2381 561 2422 nutem
571 2381 641 2422 suut:
659 2379 700 2421 sut
710 2372 937 2437 Carthaginensibus
947 2373 1021 2430 coris,
1034 2372 1103 2421 uobis
1117 2379 1194 2420 suum
1207 2385 1268 2418 nou:
1286 2377 1330 2418 sut
1345 2369 1425 2418 lme-

323 2453 447 2502 dseusoniis
459 2454 545 2502 serrum
556 2469 623 2518 opes,
632 2453 703 2503 uobis
718 2459 798 2503 sutem
813 2469 878 2502 nous
895 2469 975 2503 uorsus
989 2455 1023 2502 sie
1041 2453 1146 2502 merione
1161 2449 1340 2500 mmmmm?
1357 2449 1429 2499 velut

326 2532 392 2582 serbi
402 2547 483 2597 ceusu,
494 2533 575 2598 Siquis
582 2533 685 2582 Athenis
692 2533 801 2598 lepidum
815 2535 899 2582 horum
908 2533 985 2597 quiin
997 2534 1048 2582 foro
1057 2543 1122 2592 suut,
1132 2545 1158 2582 et
1168 2533 1254 2597 quibos
1264 2531 1296 2580 sd
1305 2531 1366 2578 nihil
1376 2532 1427 2580 uti·

324 2627 386 2673 mur,
393 2611 524 2676 possideret
536 2613 640 2678 pondere
653 2615 717 2663 mille
727 2615 826 2672 tulsnts,
837 2631 896 2664 nuru
906 2616 978 2664 ditior
988 2614 1051 2664 obid
1061 2629 1116 2663 esse
1129 2613 1267 2679 poteretur?
1299 2611 1356 2660 Non
1364 2613 1429 2662 mihi

324 2693 427 2742 vldetm.
459 2692 494 2741 At
513 2695 535 2742 si
557 2694 682 2759 Lychnitus
694 2694 779 2758 lepidis
798 2695 933 2760 possideret
951 2695 1015 2745 milis
1033 2697 1134 2752 utente,
1147 2695 1224 2744 etism
1238 2693 1308 2742 uelde
1325 2693 1427 2742 diuitem

325 2791 379 2824 esse
390 2774 540 2823 diceremus?
563 2776 678 2824 Maxime.
695 2775 759 2824 Num
771 2776 895 2840 (inquam)
907 2777 938 2825 ob
947 2778 982 2835 id,
994 2776 1059 2842 quod
1071 2778 1110 2826 hio
1119 2775 1227 2842 quidem,
1239 2775 1315 2834 utilis,
1326 2775 1430 2823 illiseso

324 2856 424 2904 inutiles
433 2855 503 2904 nobis
512 2856 584 2904 sunt?
619 2856 708 2905 Etiam.
742 2856 807 2904 Nem
817 2866 844 2905 et
855 2857 879 2904 in
890 2856 989 2923 Scythis
1006 2873 1037 2906 es
1047 2857 1079 2906 de
1097 2871 1171 2906 ceusu
1185 2856 1272 2904 domus
1288 2856 1347 2919 ipsis
1365 2869 1430 2920 opes

324 2951 374 2984 non
383 2945 447 2992 nint,
458 2935 524 2999 quod
534 2937 600 2984 nulls
610 2936 671 2998 ipsis
682 2935 769 2990 domus
779 2937 872 2985 utilisss
882 2945 920 2986 est
934 2955 939 2984 ι
957 2954 1035 3002 nsque
1046 2938 1157 2988 moluerit
1166 2939 1205 2986 sir
1215 2939 1305 3003 stylus
1316 2937 1429 3001 pulcher·

326 3018 411 3066 risurum
422 3017 468 3064 sibi
479 3016 578 3065 domurn
587 3031 650 3074 esse,
662 3031 731 3081 quum
743 3006 869 3079 pelliceum
879 3017 1060 3067 indumentum:
1078 3035 1108 3068 eo
1118 3018 1185 3084 quod
1194 3020 1241 3068 hoo
1256 3017 1316 3068 utile
1329 3018 1370 3074 sit,
1386 3013 1430 3066 ills

323 3111 384 3146 seru
393 3089 486 3146 inutilis
495 3097 550 3160 ipsi.
584 3097 678 3146 Rursus
689 3096 879 3160 carthaginense
891 3098 1007 3148 numisma
1020 3099 1090 3148 nohis
1103 3114 1150 3150 non
1168 3107 1279 3164 putemus
1286 3115 1347 3164 opes
1361 3115 1428 3150 esse.

324 3177 383 3228 Non
394 3179 458 3228 euim
469 3192 604 3242 comperero
623 3178 676 3241 ipso
692 3193 817 3242 possumus
835 3193 863 3227 es
881 3179 967 3242 quibus
979 3178 1122 3242 indigemus,
1143 3180 1211 3228 solut
1228 3187 1337 3244 urgento.
1351 3193 1427 3243 quere

323 3260 411 3309 inutile
419 3259 489 3308 nohis
503 3266 549 3308 est.
580 3259 719 3308 Verisimile
737 3268 784 3307 est.
815 3259 877 3317 Ques
893 3274 952 3323 ergo
967 3261 1037 3308 utilis
1050 3259 1121 3308 uobis
1141 3267 1206 3318 suut,
1222 3275 1256 3308 es
1276 3275 1337 3324 opes
1353 3267 1428 3308 nte

324 3355 380 3404 que
391 3340 497 3396 inutilis,
514 3354 564 3389 non
576 3355 645 3405 opes.
677 3340 805 3398 Quomodo
825 3340 897 3404 igitur
917 3357 932 3388 o
953 3341 1062 3390 Socrates
1083 3341 1177 3405 (iuquit
1195 3349 1297 3404 esoepto
1317 3355 1429 3390 serum

324 3420 400 3486 [401]
418 3421 533 3487 sryrsu)
552 3421 610 3485 quis
621 3421 710 3470 utimur
729 3421 791 3470 inter
801 3436 845 3470 uos
855 3437 972 3478 sermone,
983 3422 1159 3487 et'smiptione,
1167 3427 1194 3470 et
1203 3421 1286 3470 multis
1294 3421 1358 3478 eliis,
1368 3435 1429 3470 run

324 3502 394 3550 nobis
411 3502 499 3551 luerint
514 3503 566 3551 hoe
582 3503 658 3566 opes?
675 3511 702 3551 et
719 3517 777 3552 suoe
796 3503 866 3552 utilis
876 3505 927 3553 heo
946 3519 1000 3552 esse
1011 3504 1130 3552 videntur.
1164 3502 1199 3550 At
1209 3517 1290 3552 rursus
1298 3517 1380 3566 neque
1391 3501 1430 3554 sie

324 3584 458 3648 sppnrebst
474 3583 545 3632 nobis
552 3583 669 3646 qnidosm
679 3593 761 3633 essent
771 3599 838 3649 opes.
871 3584 935 3634 Nem
946 3584 1011 3649 quod
1021 3599 1120 3634 nooesse
1131 3591 1169 3632 est
1178 3583 1250 3632 utiles
1258 3597 1323 3639 esse,
1338 3583 1362 3630 si
1372 3583 1429 3647 qui-

325 3665 383 3713 dem
401 3662 632 3729 opesessedebent,
644 3665 668 3712 in
679 3665 723 3714 hoo
734 3665 1183 3716 ieseexomuibusconseutiebsmuss
1200 3663 1430 3728 sedquelesopes?

324 3745 517 3810 quondoquidem
536 3759 586 3794 non
603 3759 695 3796 omnes.
712 3761 756 3811 ege
777 3761 844 3804 seue,
862 3747 884 3796 si
902 3763 983 3797 rursus
1004 3749 1050 3796 hoc
1067 3747 1140 3796 modo
1159 3745 1348 3802 eousidereusus.
1369 3759 1428 3794 uun

324 3827 401 3891 msps
416 3827 518 3876 inveniri
535 3827 625 3891 poterit
634 3826 661 3876 id
670 3828 734 3890 quod
747 3827 883 3891 querimus,
894 3829 954 3893 quid
963 3829 1060 3879 tsudeur
1070 3839 1109 3878 est
1118 3827 1185 3893 quod
1195 3827 1280 3891 opibus
1289 3827 1390 3881 minor.
1401 3835 1431 3876 et

324 3905 357 3954 sd
372 3907 430 3970 quid
448 3921 521 3971 opum
529 3907 650 3971 possessio
659 3907 758 3956 inventu
767 3916 814 3966 est,
825 3909 1026 3973 quemadmodum
1040 3909 1216 3960 medioeuseuts
1232 3906 1265 3956 sd
1279 3906 1430 3956 smosndos

325 3987 438 4035 morbosi
471 3987 586 4036 Fortassis
596 3989 662 4038 enim
672 3989 706 4037 sic
715 3990 792 4053 nugis
801 3989 872 4040 uobis
881 3991 1030 4040 menifestum
1042 3991 1093 4040 fiet.
1127 3989 1328 4052 Queudoquidsm
1341 4003 1432 4038 neen-

326 4067 415 4116 surium
434 4075 543 4130 suppuret,
562 4077 589 4118 ut
604 4085 659 4134 quse
680 4085 739 4134 opes
757 4079 823 4137 suut,
844 4071 881 4120 hes
898 4071 971 4122 etium
988 4072 1060 4120 utiles
1070 4063 1134 4120 sint:
1152 4071 1247 4120 utilium
1256 4077 1432 4134 utentum

326 4147 449 4212 quoddam
468 4150 588 4210 estquod
606 4165 719 4200 sommus
741 4167 815 4216 opes:
833 4153 952 4217 reliquum
970 4153 1042 4202 inerit
1059 4152 1210 4202 considente
1227 4165 1283 4216 qu·
1300 4149 1334 4200 sd
1353 4165 1429 4215 qun

324 4230 454 4279 utilitstsus
470 4227 539 4278 utilis
548 4231 578 4276 sd
589 4232 712 4288 utendum.
722 4247 781 4297 opes
790 4241 858 4282 suut.
892 4233 981 4284 Omnis
993 4234 1057 4284 enim
1070 4234 1177 4284 lortsssis
1185 4233 1255 4282 utilis
1263 4241 1328 4288 esunt,
1338 4233 1430 4298 quibus

325 4311 357 4358 sd
374 4308 520 4375 operandum
542 4309 647 4358 utimur:
665 4314 867 4376 quemsdrnodusu
885 4317 966 4364 omnis
985 4331 1040 4380 que
1057 4315 1159 4364 euim
1177 4314 1275 4369 hebent.
1295 4313 1428 4364 10001ΙὶΙέ

325 4392 460 4442 suimelium
471 4407 527 4440 sero
537 4407 614 4456 genus
625 4395 747 4455 quoddam
756 4409 868 4444 vocemus
876 4397 1005 4446 hominem.
1039 4396 1065 4446 si
1080 4395 1160 4459 iteque
1175 4395 1229 4460 quis
1239 4409 1284 4442 nos
1293 4394 1429 4458 interroge-

324 4481 371 4529 ret,
390 4487 437 4537 qus
456 4488 480 4520 re
500 4473 601 4530 sublste,
623 4473 683 4538 nilsil
703 4489 761 4539 opus
777 4477 923 4528 ,haberemus
943 4477 1072 4534 medicina,
1093 4491 1172 4541 suque
1191 4475 1242 4540 ejus
1250 4475 1428 4531 iustrumsusis.

324 4567 448 4616 possemus
458 4552 547 4620 dicere,
559 4555 580 4604 si
590 4554 665 4606 morbi
676 4557 786 4610 summoti
796 4567 875 4614 essent
886 4575 916 4608 er
926 4559 1063 4625 corporibus
1072 4567 1097 4610 et
1108 4557 1205 4608 omniuo
1215 4571 1265 4610 uuu
1275 4556 1370 4614 liment,
1381 4565 1428 4608 sut
