3182 5300
355 541 415 603 504
696 533 900 596 Pistoris
923 531 1105 600 nrltoor.
1379 541 1452 616 [eor

354 690 424 755 clins)
434 691 476 740 illa
486 697 603 756 suntque
615 699 671 740 tune
681 690 712 740 ab
719 691 762 738 illo
771 690 866 738 sumunt
877 691 1077 740 commemorata?
1109 689 1147 738 Ea
1157 689 1253 754 quidem
1265 689 1308 739 tibi
1323 687 1456 756 (mquam)

354 787 407 836 quse
416 772 442 820 in
453 780 556 822 montem
566 773 683 827 venerint,
695 772 803 820 lubenter
811 769 1005 820 commemorabo
1038 770 1154 828 Quonam
1165 769 1318 836 (inquiebat)
1329 772 1388 820 vioe
1400 785 1456 834 pars

353 851 510 902 incommodis
529 861 555 901 et
564 854 680 902 molestiis
690 852 777 901 vocat?
793 865 874 899 nonne
882 851 907 898 in
918 851 994 914 ptimo
1005 851 1059 914 ipso
1069 859 1134 900 ortua
1143 852 1262 902 vestibulo
1272 853 1355 902 inians
1365 853 1456 917 plorat,

354 940 380 982 at
395 947 411 980 a
427 932 509 982 dolore
529 935 600 982 vitam
620 929 772 997 suspicatur?
788 945 833 978 nec
849 931 881 978 ab
898 929 948 978 ulla
966 929 1064 995 quidem
1081 933 1190 982 molestia
1207 933 1321 982 immums
1337 941 1386 990 est,
1397 935 1455 980 doru

356 1014 461 1062 omnium
484 1014 685 1062 incommodorum
713 1012 831 1075 augustiis
855 1011 977 1060 obsidetur
997 1021 1069 1076 atque
1090 1013 1289 1070 circumvallatur,
1310 1015 1354 1061 rel
1375 1028 1454 1061 rerum

356 1095 540 1143 necessariorum
551 1094 656 1157 penuria,
668 1093 706 1140 vel
717 1093 803 1155 frigore
813 1092 851 1140 vel
862 1093 939 1140 calore
947 1094 985 1140 rel
994 1093 1065 1156 plaga
1075 1093 1164 1157 alique,
1174 1103 1335 1157 quumtamsn
1346 1095 1453 1142 nondum

354 1174 408 1230 lari,
428 1190 472 1222 nec
490 1174 580 1221 doloris
601 1174 636 1221 sui
655 1188 739 1222 causas
760 1173 887 1236 explicare,
909 1173 954 1220 sed
974 1173 1025 1221 solo
1045 1173 1128 1238 vagitu
1147 1181 1220 1237 etque
1241 1174 1335 1237 ejulatn
1355 1175 1454 1238 argoris

324 1293 331 1304 .
355 1256 519 1318 rtroestitimque
537 1255 631 1317 signum
650 1255 708 1302 dara
726 1253 809 1317 possit.
842 1253 972 1316 Postquam
986 1269 1042 1302 vero
1055 1253 1170 1317 deinceps
1179 1253 1209 1302 ad
1220 1256 1451 1318 septimnmannnm

354 1336 498 1399 pervenerit,
509 1335 638 1384 emortuus
646 1335 729 1382 multis
740 1333 867 1390 laboribus,
888 1335 1031 1382 exercitores
1045 1342 1071 1382 et
1089 1333 1246 1398 ludimagistri
1261 1351 1315 1382 cum
1331 1335 1451 1400 tyrannici

356 1416 451 1480 inperii
466 1423 584 1479 potestate
600 1417 768 1478 imponuntur:
786 1423 814 1462 tu
836 1416 906 1480 longe
926 1413 1004 1484 major
1022 1415 1172 1464 dominorum
1188 1416 1302 1464 acuum
1314 1416 1449 1464 multitudo.

356 1505 478 1546 crescente
495 1504 574 1552 estate,
590 1497 674 1550 critici,
691 1507 824 1559 geometris,
845 1485 880 1543 roi
898 1495 1005 1543 militaris
1022 1495 1177 1556 institutores.
1210 1496 1340 1560 Postquam
1356 1498 1448 1546 veroin

358 1579 502 1642 epheborum
518 1593 642 1624 nnmerum
662 1578 779 1639 ascriptus
794 1583 838 1632 eat,
860 1583 911 1623 tum
934 1590 990 1623 reto
1012 1576 1106 1639 gravior
1126 1583 1203 1624 metus
1213 1577 1310 1639 ingruit,
1331 1576 1446 1642 Lyceum,

359 1655 433 1722 [tol]
444 1656 582 1712 Academia,
589 1657 700 1721 Gymnici
710 1655 803 1719 imperii
809 1658 944 1713 auctoritas,
956 1656 1082 1705 officiorum
1089 1657 1216 1720 apparitio,
1225 1656 1329 1720 denique
1336 1659 1446 1706 malorum

358 1738 464 1786 omnium
483 1738 596 1786 infinitas.
635 1737 673 1784 Ita
694 1751 765 1786 omne
786 1737 956 1785 adolescentie
977 1745 1072 1802 tempus
1093 1737 1138 1784 sub
1159 1737 1333 1786 moderatorum
1353 1739 1447 1786 illorum

358 1818 462 1880 imperiis
478 1815 617 1874 traducitur,
632 1819 674 1880 qui
684 1817 714 1866 de
726 1817 846 1880 Areopagi
857 1818 976 1866 sententia
984 1824 1011 1865 et
1020 1817 1118 1866 decreto
1127 1817 1207 1874 electi,
1215 1818 1337 1881 juventuti
1347 1820 1377 1866 ed
1388 1826 1448 1866 tem-

358 1898 487 1964 perantiam
503 1913 644 1961 morumque
662 1899 811 1946 honestatem
821 1897 993 1946 conformandus
1003 1898 1138 1961 invigilant.
1170 1898 1251 1955 Quum
1266 1913 1322 1946 vero
1332 1899 1369 1946 luis
1379 1899 1448 1946 mal'u

360 1979 430 2028 itmrit
446 1979 554 2035 libente,
572 1987 624 2026 tum
642 1979 735 2042 gravior
745 1978 848 2026 occurrit
858 1993 915 2026 cura
923 1985 950 2026 et
960 1978 1081 2042 cogitatio,
1091 1977 1183 2042 ecquod
1195 1977 1344 2042 potissimum
1353 1977 1447 2028 rireudi

359 2139 384 2187 in
402 2147 523 2202 posterum
539 2139 666 2187 subeunde
685 2147 741 2186 suot
758 2147 931 2203 comparentur,
946 2139 1018 2203 place
1037 2139 1133 2187 ludicre
1144 2140 1275 2196 rideantur,
1285 2149 1310 2188 et
1322 2154 1445 2203 peterem

360 2221 432 2285 plaua
441 2221 636 2269 terriculamenta.
653 2236 709 2268 uum
719 2227 744 2268 et
751 2219 870 2284 prodeunt
880 2220 1292 2284 bellicaeerpeditionss,etrnluers,
1300 2221 1444 2268 etcoutiuna

360 2302 497 2358 certamina,
516 2317 569 2350 cum
589 2301 676 2364 quibus
696 2309 732 2348 est
747 2309 798 2348 tota
815 2301 866 2349 vita
885 2301 984 2349 subinde
1001 2300 1183 2350 colluctandum.
1199 2301 1253 2348 binc
1271 2299 1317 2346 alia
1326 2299 1444 2362 cogitanti

360 2383 454 2445 obrepit
462 2389 579 2437 sermm,
590 2382 617 2430 in
626 2383 699 2444 qudm
709 2381 858 2444 quicquidiu
869 2393 954 2429 natura
963 2381 1083 2430 ruinosum
1093 2389 1136 2438 est,
1150 2389 1175 2428 ot
1191 2379 1296 2427 interitui
1305 2379 1443 2436 obnoxium,

361 2463 484 2510 confertim
494 2462 628 2510 effunditse
637 2470 709 2525 atque
720 2462 830 2525 erumpit,
841 2471 867 2509 et
877 2462 976 2526 quidem
983 2461 1019 2510 ita
1028 2469 1056 2509 nt
1066 2461 1139 2509 nullis
1145 2459 1253 2508 remediis
1261 2462 1313 2508 brec
1323 2459 1447 2508 imbecilli·

361 2551 398 2588 tas
416 2543 492 2589 averti
508 2549 590 2604 queat.
623 2541 694 2598 Quod
712 2542 787 2604 siquis
804 2542 895 2589 tardius
914 2543 989 2591 veluti
1006 2542 1110 2590 debitam
1120 2543 1195 2590 vitent
1204 2541 1300 2588 minima
1310 2539 1447 2596 reddiderit,

288 2673 292 2689 Ι
360 2620 461 2677 Natura,
480 2629 592 2685 tauquam
612 2621 756 2678 imperatrix,
773 2623 864 2670 instans
881 2629 952 2686 atque
971 2637 1065 2687 urgens,
1084 2623 1115 2671 ab
1131 2622 1181 2672 alio
1199 2629 1328 2686 aspectum,
1349 2620 1379 2668 eb
1396 2621 1445 2669 alio

362 2701 475 2757 auditum,
487 2715 648 2765 sepenumero
658 2710 792 2764 utrumque,
803 2711 915 2766 tanquam
927 2704 1020 2767 pignus,
1030 2703 1113 2766 erigit.
1129 2719 1158 2752 ac
1167 2703 1243 2766 siquis
1252 2701 1338 2750 diutius
1351 2709 1444 2750 marest

360 2783 387 2830 iu
403 2783 460 2840 rita,
477 2797 530 2830 aum
549 2783 686 2831 muneribus
706 2783 914 2846 functionibusque
931 2785 1035 2847 corporis
1051 2785 1134 2849 privat,
1152 2785 1262 2832 mutilum
1280 2783 1364 2838 reddit,
1380 2791 1446 2829 anns

362 2863 464 2926 denique
474 2879 504 2912 ea
512 2863 648 2912 infirmitate
658 2863 751 2926 affligit,
762 2871 788 2911 ut
797 2864 867 2928 quasi
877 2866 952 2912 luxati
961 2865 1097 2914 rideantur.
1128 2865 1181 2913 Alii
1188 2865 1219 2913 ad
1227 2873 1356 2912 extremum
1364 2877 1446 2910 muso·

362 2944 421 2992 tutis
436 2943 508 2992 limen
526 2945 674 3008 perveniunt,
684 2944 746 2992 utin
756 2945 787 2992 iis
798 2960 878 2993 verum
889 2947 1048 3009 comperiatur
1059 2946 1218 3010 proverbium,
1230 2944 1274 2993 Bis
1283 2944 1360 3007 poeri,
1371 2957 1448 2990 unu.

362 3023 447 3087 ltaque
465 3025 498 3072 dii
516 3039 592 3073 rerum
610 3027 760 3073 humanarum
777 3041 834 3073 rere
852 3026 1024 3090 intelligentes,
1035 3041 1076 3074 eos
1086 3041 1146 3089 quos
1154 3041 1205 3089 pre
1215 3025 1307 3074 certeris
1316 3023 1449 3071 bominibus

362 3105 458 3168 plurimi
473 3105 573 3162 faciunt,
590 3105 619 3153 ab
634 3108 677 3154 lieo
696 3106 747 3154 vita
757 3105 828 3154 citius
839 3106 950 3163 liberant,
961 3115 987 3154 ut
997 3107 1054 3171 quid
1066 3106 1097 3154 de
1105 3113 1181 3154 morta
1191 3103 1339 3154 statuendum
1351 3104 1389 3158 sit,
1398 3104 1449 3150 suis

359 3185 457 3248 judiciis
475 3187 614 3235 confirmare
629 3187 760 3234 videantur.
793 3185 898 3234 Primum
917 3185 1053 3251 Agamedes
1069 3195 1094 3236 et
1115 3187 1263 3250 Trophonius
1273 3185 1447 3249 predicentur:

362 3268 405 3331 qui
429 3282 502 3331 quum
528 3267 638 3332 Apollini
668 3269 782 3331 templum
801 3267 1020 3325 exedificavissent,
1049 3276 1189 3316 venerantes
1220 3267 1310 3322 Deum,
1331 3266 1452 3330 perierunt

363 3348 497 3398 mercedem
515 3365 564 3397 non
583 3363 677 3413 parvam
695 3348 793 3411 quidem
813 3348 892 3412 operis
908 3355 934 3397 et
944 3349 1096 3398 laborissui:
1113 3349 1173 3398 nihil
1182 3348 1250 3404 certi,
1259 3345 1305 3395 sed
1314 3345 1380 3410 quod
1390 3353 1454 3396 esset

361 3430 477 3491 optimum
495 3429 593 3476 homini.
609 3437 634 3476 at
653 3444 726 3492 quum
746 3444 827 3477 somno
847 3445 873 3478 se
890 3429 1020 3487 dedissent,
1037 3437 1064 3478 ut
1080 3431 1166 3485 illuxit,
1185 3429 1270 3477 mortui
1288 3437 1342 3476 sunt
1353 3428 1453 3491 reperti.

361 3509 440 3556 Simili
450 3510 586 3573 precatione
599 3509 687 3572 Argiva
695 3510 801 3558 sacerdos
812 3525 855 3573 pro
865 3510 920 3560 liliis
929 3525 973 3558 usa
981 3510 1077 3558 dicitur.
1092 3523 1165 3574 quum
1172 3509 1236 3558 enim
1245 3510 1344 3556 illamatl
1352 3509 1452 3556 solenne

363 3597 388 3638 et
395 3598 483 3637 statmo
493 3589 633 3638 mcn'ficium
644 3605 713 3638 curru
723 3591 777 3637 vehi
785 3590 824 3654 jus
835 3598 907 3646 esset,
917 3598 1109 3654 morarenturque
1119 3589 1234 3655 jumenta,
1246 3589 1294 3653 ipsi
1300 3597 1367 3637 reate
1374 3589 1454 3652 posita

363 3669 394 3718 ad
406 3669 492 3734 jugum
504 3677 661 3718 accesserunt.
676 3670 711 3718 ita
721 3669 830 3718 aaomdos
841 3671 941 3720 advecta
956 3671 982 3718 in
992 3671 1081 3727 houm,
1092 3687 1166 3736 quum
1176 3685 1259 3720 currus
1270 3679 1335 3718 esset
1343 3669 1456 3718 donnas

364 3750 428 3806 tiliis,
444 3758 540 3815 precata
557 3765 572 3798 a
591 3752 637 3798 das
654 3749 741 3798 dicitnr
760 3758 786 3798 ut
804 3751 853 3798 illis
879 3753 1003 3814 premium
1013 3751 1080 3800 daret
1091 3767 1134 3816 pro
1144 3751 1233 3816 pietate
1248 3749 1314 3814 quod
1324 3752 1455 3798 miximum

363 3829 452 3878 homiui
463 3831 515 3879 dari
526 3843 630 3895 possete
641 3831 693 3878 deo.
716 3829 775 3878 Post
785 3831 896 3895 epulatos
905 3847 960 3879 cum
969 3839 1045 3880 moue
1052 3832 1216 3881 adolemmms
1224 3845 1306 3879 somno
1312 3845 1341 3877 se
1349 3829 1454 3886 dedisse,

364 3925 434 3958 mane
442 3913 552 3960 inventos
561 3927 614 3960 ease
625 3918 737 3960 mortuos.
764 3912 870 3974 longum
881 3919 946 3960 osset
955 3927 986 3960 ea
994 3927 1117 3962 recensere
1125 3928 1177 3976 quse
1186 3920 1262 3976 poetro
1269 3919 1457 3958 commemorant

364 3990 404 4053 qui
422 3991 511 4040 divinis
529 3992 634 4040 versibus
660 3991 691 4039 de
714 3993 821 4040 humano
837 3993 895 4040 rite
914 3993 1051 4040 conditione
1072 3993 1239 4048 nticiuantes,
1259 3991 1312 4053 ejus
1333 3989 1455 4038 weita

365 4070 466 4118 funestis
487 4072 592 4120 uersibus
614 4073 750 4120 celebrent:
778 4073 821 4122 aed
842 4087 870 4120 er
894 4079 961 4121 tanta
981 4073 1143 4137 exemplorum
1160 4071 1228 4122 turba
1245 4085 1319 4120 unum
1339 4072 1457 4136 prolersm

361 4151 475 4200 memoria
482 4149 544 4198 beno
555 4153 661 4214 dignum,

556 4296 653 4360 Optima
663 4315 762 4365 qumque
771 4301 822 4351 dies
832 4301 925 4352 miseris
934 4303 1073 4352 mortalibus
1083 4303 1128 4352 eri

556 4376 638 4426 Prima
648 4378 722 4443 sugit:
740 4383 843 4434 subeunt
853 4385 935 4443 morbi,
945 4385 1066 4448 tristisque
1076 4389 1197 4439 senectus,

558 4457 589 4506 Et
599 4457 665 4508 labor
675 4467 699 4508 et
710 4459 773 4510 duro
784 4463 847 4527 rapit
856 4465 1010 4516 inclementis
1020 4464 1108 4514 mortis.
