3102 5312
123 551 194 634 ors]
463 551 517 610 uu
539 548 712 611 suerrus
741 549 816 612 trs.
839 551 893 611 1x.
1150 555 1213 613 sos

116 713 201 770 perget
214 704 403 770 lsomieidsmqoe
415 705 629 771 secundumlegem
637 707 694 755 dere
703 704 789 773 posrrss'
796 707 934 772 compellet.
944 707 996 757 hec
1008 702 1211 758 serenissimus

117 801 170 836 esse
186 787 297 852 precibus
312 787 480 852 mcriiclisqus
499 787 612 845 Deorum,
630 789 723 853 quibus,
743 803 772 836 ns
784 787 862 838 eudes
872 788 1002 838 isurbibus
1014 789 1079 845 fient,
1091 797 1209 846 cornert,

117 867 187 917 troile
206 869 325 933 legislator
339 867 439 918 sundere
458 877 543 933 potest
560 869 603 918 sed
614 871 656 936 qui
673 869 716 918 Dii
725 878 781 918 suut
793 871 840 926 isti,
852 879 876 920 et
887 871 1005 935 quomodo
1017 871 1147 920 secumdum
1159 869 1209 918 Dei

118 957 222 998 mentm
237 951 336 1000 menime
346 951 397 999 lusc
408 949 501 1014 judicis
514 959 665 1016 peregantur,
676 953 755 1016 legum
765 953 876 1001 custodes
886 967 938 1000 cum
948 953 1117 1017 interpretibus
1128 953 1210 1002 heros·

117 1029 256 1095 picibusque
266 1039 291 1080 et
304 1031 359 1082 Deo
368 1031 499 1090 aestuent,
511 1041 581 1098 etque
593 1033 627 1081 its
639 1033 732 1097 judicis
748 1047 877 1097 ponesque
893 1031 1027 1097 disponm.
1041 1033 1136 1099 judices
1150 1047 1208 1082 vero

118 1111 203 1158 lterum
222 1127 301 1161 renum
317 1113 354 1164 illi
372 1115 430 1177 siut,
446 1113 532 1178 quibus
551 1115 669 1178 ssmssegti
687 1113 804 1176 puniendi
815 1113 1063 1164 &mensuetmitnn
1079 1116 1211 1178 quinutem

117 1193 287 1242 condemnatus
296 1193 375 1252 luerit,
384 1203 461 1243 morte
471 1210 554 1259 poenos
564 1195 622 1243 lust.
638 1203 664 1242 et
674 1196 787 1258 quonism
797 1209 846 1243 mou
856 1195 929 1259 impie
938 1195 1021 1253 solum,
1032 1196 1074 1243 sed
1085 1194 1210 1260 impuden-

116 1280 154 1322 ter
165 1287 260 1339 quoque
270 1275 387 1339 peccarit,
395 1276 421 1324 iu
430 1277 524 1340 regione
534 1275 652 1324 interfecti
662 1271 758 1339 sepeliri
767 1291 816 1326 non
828 1275 907 1325 debet.
923 1275 988 1341 quod
1000 1275 1117 1340 silugerit
1131 1291 1210 1339 neque

113 1353 236 1416 judicium
244 1357 390 1416 sustinuerit,
401 1365 516 1420 perpetuo
526 1356 625 1404 essolet.
641 1364 667 1404 et
676 1356 696 1404 si
707 1345 811 1422 unqutu’n
821 1358 881 1408 eitun
891 1359 949 1406 tres
956 1357 1029 1407 merit
1036 1357 1210 1422 deprehensus:

115 1436 156 1499 qui
168 1437 258 1500 primus
268 1438 301 1486 illi
312 1438 396 1486 obrius
402 1439 448 1488 erit
457 1447 612 1501 cognnorunn
620 1437 737 1486 interlecti
746 1439 786 1486 rel
797 1437 891 1496 rivium,
902 1440 998 1504 impune
1012 1439 1150 1488 interimet:
1167 1447 1210 1486 eut

114 1517 222 1568 vinctum
233 1519 405 1583 sepimentum
419 1519 498 1568 trtdnt
513 1518 582 1583 hujus
598 1519 633 1566 rei
650 1519 769 1584 judicibus
785 1519 950 1570 occidendum.
968 1520 1032 1586 quod
1050 1519 1070 1568 ri
1080 1519 1134 1584 quis
1146 1520 1210 1570 hum

113 1597 257 1648 defensurus
274 1599 408 1656 samarit,
426 1615 470 1664 pro
487 1613 516 1646 eo
535 1599 669 1665 fidejubent,
686 1613 758 1664 quern
778 1607 883 1648 tutonrr:
901 1609 995 1666 tresque
1011 1603 1031 1650 is
1051 1601 1212 1666 fidejussores,

114 1695 177 1744 quos
195 1679 291 1744 judices
310 1681 356 1743 ipsi
376 1679 520 1729 sufficientes
539 1679 682 1743 pntrrerlnt,
704 1681 796 1737 efferet,
817 1682 858 1746 qui
875 1681 967 1746 judicio
985 1683 1051 1731 illum
1070 1698 1095 1732 se
1113 1681 1211 1730 daturos

114 1761 264 1824 promittent.
280 1759 304 1808 id
324 1762 345 1809 sl
363 1760 416 1825 quis
433 1761 511 1810 iuuere
528 1762 629 1810 noluerit
645 1763 684 1810 rel
701 1777 749 1810 non
768 1763 879 1827 potuerit,
896 1765 990 1812 rinctus
1005 1779 1019 1811 e
1035 1761 1211 1827 mogistretilnu

112 1841 208 1904 judicio
217 1849 356 1889 reservetur.
371 1832 453 1890 vorum
462 1842 483 1890 si
494 1843 547 1906 quis
562 1857 611 1890 non
622 1841 717 1908 propris
727 1857 808 1900 menn,
820 1844 862 1892 sed
873 1843 1003 1900 rolontste,
1021 1842 1094 1909 [872]
1112 1843 1213 1892 consilio

117 1920 260 1985 insidiisque
277 1923 395 1971 hominem
414 1921 568 1981 interfecerit,
586 1933 619 1980 et,
631 1939 692 1972 vcurru
710 1939 782 1973 csuse
799 1924 873 1973 cudis
883 1925 914 1974 eit
924 1925 1049 1990 animoque
1060 1925 1175 1987 impurus,
1186 1925 1212 1970 in

117 2003 216 2052 clritsre
234 2001 341 2050 tubitet:
359 2003 528 2053 condemnenus
545 2005 652 2053 similiter
670 2005 790 2069 punietur,
806 2007 1041 2070 preterquemuuod
1061 2005 1214 2070 fidejussores

118 2099 166 2133 non
177 2083 298 2147 prebebit,
309 2091 335 2131 st
344 2083 514 2134 condemnatus
524 2086 620 2150 propris
630 2099 677 2134 non
694 2085 783 2135 onrsbit
791 2089 919 2151 sepulture.
933 2096 1013 2137 cemos
1023 2087 1085 2143 hnic,
1097 2084 1214 2152 quemod-

117 2164 215 2216 modurn
231 2164 262 2212 de
277 2165 398 2229 superiore
415 2166 525 2223 diximus,
545 2166 611 2215 ient.
627 2167 679 2216 hrsc
697 2167 781 2216 endem
801 2168 930 2234 peregrinis
945 2167 1056 2217 adversus
1066 2167 1213 2232 peregrinos,

115 2245 255 2310 uiribusque
270 2261 297 2294 ec
313 2246 443 2310 peregrinis
452 2247 565 2305 vicissim,
581 2255 607 2295 et
616 2247 689 2296 serris
696 2247 808 2296 sdrermrs
818 2263 906 2306 sersus,
917 2249 948 2298 de
957 2250 1024 2299 cede
1034 2250 1130 2313 propris
1140 2261 1213 2296 runnu

118 2327 190 2382 lecu,
209 2335 234 2375 et
251 2327 282 2376 de
299 2327 350 2384 ills,
369 2343 422 2392 quse
443 2329 541 2377 consilio
556 2328 697 2394 insidiisque
714 2329 837 2378 commisso
851 2340 896 2388 est,
908 2339 997 2380 surum
1007 2330 1069 2378 sinte
1087 2329 1132 2377 uisi
1148 2327 1214 2393 quod

117 2406 296 2471 fidejussionem
310 2408 416 2471 prebere
435 2409 501 2471 istos,
519 2407 719 2472 quemadmodum
733 2409 796 2472 illos,
812 2411 854 2474 qui
870 2413 966 2475 proprio
983 2410 1213 2466 mnuuintsrleoere,

117 2501 255 2537 censemus.
271 2488 381 2536 siserrsu
390 2489 491 2538 liberum
500 2496 594 2554 sponte,
606 2490 655 2538 sire
665 2505 737 2537 manu
748 2505 791 2538 sus
801 2491 850 2538 sire
857 2493 956 2540 consilio
963 2491 1091 2548 interemit,
1100 2491 1213 2539 condem-

118 2573 238 2632 ustusque
248 2567 301 2624 tuit,
312 2571 415 2618 trnlrntur
429 2585 443 2618 s
461 2570 558 2635 publico
568 2571 650 2620 lictore
661 2585 689 2619 rc
700 2570 795 2620 vindice
806 2571 838 2620 nd
848 2571 967 2621 interiecti
978 2577 1163 2626 monumentum,
1175 2570 1215 2618 rel

119 2651 186 2698 unde
196 2649 257 2697 illud
267 2665 361 2699 eernere
371 2658 457 2715 quent:
474 2652 666 2716 verberatusque,
676 2660 747 2716 prout
754 2651 832 2717 jobet,
844 2653 885 2716 qui
896 2651 990 2718 judicio
1002 2667 1057 2700 eum
1067 2651 1179 2710 convicit,
1191 2649 1213 2698 si

118 2731 153 2778 its
168 2745 245 2778 cusos
259 2731 336 2780 odim
348 2733 418 2788 rirst,
428 2734 458 2781 sd
469 2747 551 2781 necem
563 2747 638 2796 usquc
648 2734 761 2783 cudetur.
776 2735 797 2782 si
812 2735 866 2798 quis
876 2749 968 2782 serrum
978 2734 1040 2782 nihil
1050 2732 1214 2796 injuriantem,

120 2813 210 2860 timens
228 2797 259 2862 si
275 2821 345 2878 turpe
361 2813 420 2878 quid
438 2829 453 2861 e
471 2829 497 2862 se
514 2813 602 2863 iactum
618 2813 717 2872 indicet,
730 2815 767 2862 rel
777 2815 824 2862 stis
834 2814 999 2879 hujuscemodi
1011 2828 1083 2863 censs
1093 2813 1215 2868 inductus,

120 2894 193 2941 morti
201 2893 324 2942 tradiderit
334 2911 340 2942 ε
352 2895 418 2960 qussi
426 2897 501 2944 cireru
509 2897 640 2952 necaverit,
649 2895 684 2944 sic
692 2897 810 2960 punietur.
821 2895 1083 2961 occiduntqusndoque
1090 2893 1215 2950 nonnulle,

119 2975 153 3022 de
173 2975 258 3038 quibus
277 2977 343 3042 leges
363 2991 450 3042 ponere
468 2991 538 3040 greve
557 2985 593 3025 est
612 2985 685 3041 etque
703 2971 837 3035 molestum,
852 2985 877 3025 et
889 2993 939 3026 non
955 2991 1045 3042 ponere
1057 2973 1214 3039 impossibile.

120 3055 258 3121 hujusmodi
274 3065 329 3106 sunt
346 3065 498 3121 cognotorum
515 3059 654 3107 voluntsriss
671 3065 696 3106 et
711 3057 805 3121 injustus
821 3059 907 3116 ceder,
917 3059 1049 3106 eiremsnn
1060 3057 1155 3120 propris
1165 3053 1215 3102 sire

120 3137 223 3186 oonsilio
231 3137 369 3202 insidiisque
379 3139 468 3188 illctte:
486 3153 538 3203 quse
556 3139 582 3187 in
602 3139 739 3188 ciritctibus
749 3139 812 3186 mnle
827 3139 961 3202 gubernetis
970 3139 1097 3202 plurimum
1107 3135 1216 3184 commit·

121 3225 210 3274 tumtur,
221 3218 265 3267 sed
274 3233 444 3283 nonnumquam
452 3220 533 3275 etium,
544 3219 585 3268 ubi
596 3235 645 3267 mou
655 3218 792 3275 credideris,
804 3218 872 3266 dunt.
888 3227 913 3266 nt
922 3221 973 3266 hec
985 3219 1074 3266 scelere
1085 3213 1216 3264 deritsudn

121 3302 196 3348 cretio
216 3300 322 3365 superior
339 3308 466 3365 repetnmr.
482 3301 541 3349 torte
560 3315 662 3364 nemque
680 3301 717 3348 his
735 3299 822 3348 ruditis
836 3313 851 3346 n
866 3298 1045 3347 sceleratissime
1055 3296 1121 3349 code
1130 3299 1216 3358 sponte

123 3381 210 3444 uliquis
221 3381 356 3430 mnnebi.
371 3382 452 3430 isbulc
461 3382 527 3430 enirn
538 3383 576 3430 rel
586 3396 670 3437 sermm
683 3381 720 3429 rel
728 3381 816 3445 quovis
822 3379 870 3428 ulio
878 3379 974 3426 nomine
982 3376 1126 3441 appetimus
1133 3374 1216 3430 erntio,

124 3461 250 3510 munileste
269 3478 283 3509 s
301 3463 384 3528 prieris
401 3461 559 3511 socerdotibus
576 3463 641 3512 dicte
655 3469 700 3518 est,
713 3461 832 3526 justitium
842 3459 1020 3524 speculatricem
1029 3457 1135 3506 omnium
1145 3463 1217 3518 etque

123 3541 244 3590 vindicem
261 3544 291 3591 od
310 3551 437 3608 coguntum
455 3543 592 3607 sanguinem
611 3543 771 3592 ulciscendum
789 3543 849 3606 lege,
867 3556 938 3606 quum
954 3539 1026 3590 modo
1044 3538 1155 3593 disimus,
1173 3537 1218 3584 uti.

124 3637 212 3688 nempe
223 3623 289 3672 illrum
304 3625 462 3680 cenentuisse,
473 3633 500 3673 ut
510 3626 616 3690 quisquis
625 3625 715 3689 sliquid
727 3622 861 3688 hujusmodi
871 3621 1022 3687 perpetrerit,
1034 3618 1097 3668 idem
1107 3629 1218 3666 necem·

122 3705 185 3753 serio
203 3706 313 3768 potietur.
331 3713 365 3762 ut,
383 3705 404 3754 si
422 3707 475 3770 quis
494 3713 586 3770 petrem
605 3707 673 3754 morti
692 3705 799 3762 trsdidir,
819 3706 871 3769 ipse
885 3711 970 3768 postes
986 3701 1058 3750 certis
1072 3697 1218 3761 temporibus

122 3785 240 3834 violenter
258 3799 273 3834 e
291 3787 347 3835 filiis
356 3787 485 3837 occidetur.
503 3788 541 3836 sin
552 3801 607 3835 reso
617 3795 715 3835 metrem
723 3785 833 3850 peremit,
842 3787 895 3850 ipse
904 3792 988 3871 porres
999 3781 1117 3846 perticsps
1126 3785 1218 3826 nsturm

122 3867 245 3915 muliebris
262 3867 360 3916 efferim
378 3869 511 3917 uecesssrio
522 3869 620 3918 tandem
636 3883 651 3916 n
667 3867 720 3918 liliis
731 3869 780 3916 suis
788 3865 943 3916 interimatur.
959 3862 1077 3912 oommuui
1087 3860 1151 3908 enim
1162 3875 1218 3908 snu-

121 3947 196 4010 guise
214 3948 333 3997 meruleto
351 3964 399 3998 non
417 3965 469 3999 esse
485 3951 557 3999 ulium
575 3951 746 4015 purgetiouem,
763 3963 808 3996 neo
817 3961 888 4012 posse
900 3945 968 3994 sliter
978 3942 1081 4008 ebstergi
1091 3941 1217 3998 murelum,

119 4107 193 4156 tionis
203 4107 261 4157 irem
271 4109 398 4160 wdevmit.
414 4113 444 4160 sb
454 4113 491 4160 hir
504 4127 560 4200 erpo
569 4112 695 4161 sceleribus
706 4125 815 4160 coercere
827 4107 933 4157 homines
940 4113 1041 4171 oportet,
1049 4105 1217 4170 suppliciorum

120 4189 244 4253 ejusmodi,
263 4205 316 4254 quse
331 4207 346 4239 s
364 4192 419 4240 Diis
439 4192 577 4250 inferuntur,
596 4201 669 4242 metu.
687 4193 707 4240 si
730 4191 770 4256 qui
781 4191 872 4240 veroin
881 4197 929 4238 tom
939 4188 1048 4237 misernm
1059 4187 1217 4237 onlnmitstcm

119 4270 257 4328 inciderint,
268 4279 296 4319 ut
305 4279 396 4336 petrem
415 4283 455 4322 ret
464 4283 571 4332 matrem,
587 4274 682 4322 tratrem
701 4274 739 4321 rel
758 4273 831 4320 tilium
851 4277 934 4336 sponte
954 4277 1023 4335 utque
1043 4269 1154 4318 consulto
1169 4266 1219 4313 rits

120 4351 214 4414 priests
225 4352 329 4402 uodesnt
340 4371 345 4399 ι
365 4353 467 4402 mortslis
478 4355 616 4419 legumlator
622 4357 657 4405 sic
665 4355 696 4403 de
706 4353 840 4418 hujusmodi
849 4354 938 4402 scelere
945 4350 1044 4407 senciet,
1053 4358 1081 4399 ut
1088 4357 1113 4396 et
1121 4359 1218 4396 ereetu-

120 4439 159 4480 tor
169 4447 185 4480 o
195 4433 297 4497 publicis
308 4435 426 4500 sacrisque
436 4437 502 4492 locis,
514 4445 541 4485 ut
553 4451 624 4500 supro
633 4436 723 4486 diorum
733 4443 778 4492 est,
789 4434 896 4483 strodes
908 4433 1016 4482 similiter
1025 4431 1178 4494 requiruntur.
1194 4431 1220 4473 et

122 4515 165 4577 qui
175 4513 250 4563 credis
260 4516 395 4582 hujusmodi
406 4517 577 4569 condemnetur
586 4519 664 4574 inerit,
673 4525 723 4566 tem
732 4515 862 4579 njudicuru
872 4513 986 4564 ministris
994 4527 1066 4577 quum
1074 4525 1088 4558 s
1097 4507 1220 4571 magistrt-

121 4595 189 4642 tilrus
208 4597 339 4656 occidetur,
359 4599 508 4665 trthtturque
527 4608 592 4650 extro
609 4601 691 4648 urbem
712 4600 738 4649 iu
755 4605 868 4648 statutum
884 4595 977 4644 trivium
988 4593 1075 4649 nudus,
1088 4586 1225 4652 umstnmti
