3102 5312
126 551 200 638 tuo]
457 561 512 622 nn
536 549 706 650 teuteus
729 559 805 625 tte.
827 561 895 622 vtt.
1149 561 1215 624 'see

125 720 187 758 meur
209 711 317 761 ludorme
337 727 411 779 genus
430 715 461 764 srl
482 715 561 780 legum
582 713 728 766 ineditorum
739 715 889 765 mlilimtsm
908 723 935 764 st
951 707 1114 764 monitionem
1126 715 1215 766 ltsbest

120 795 270 852 pomnen.
286 793 375 858 quippe
384 795 404 843 si
414 796 459 844 boo
477 795 512 844 its
528 797 658 844 ordlnstnm
680 797 758 853 feerit,
769 804 796 845 ut
814 796 898 845 iisdem
918 795 979 844 ludit
989 795 1118 846 mmmm
1128 795 1213 846 ssd·

121 877 147 917 et
166 871 250 920 mmm
267 874 338 922 modo
359 874 431 924 iidem
450 877 555 926 homines
575 893 666 942 semper
684 885 781 926 utuntur
802 885 828 925 et
849 877 1014 926 delectentur:
1031 877 1096 942 leger
1116 891 1213 941 quoque

101 1019 103 1024 Ι
120 951 182 998 serio
191 953 280 1016 posim
289 955 386 1004 stubilss
402 971 494 1006 menas
513 958 634 1022 permittit.
651 960 687 1008 rin
708 967 787 1007 nutem
809 963 910 1006 mutetm
919 958 944 1006 id
956 971 1037 1020 μιν,
1047 958 1149 1022 novique
1158 955 1211 1006 ludi

119 1031 229 1094 quotidie
243 1035 392 1094 inducentur,
403 1050 541 1103 semperque
557 1039 626 1089 neris
644 1040 775 1089 delectetur
793 1040 912 1104 juventus,
932 1045 980 1086 tum
991 1038 1070 1102 dqurls
1080 1038 1213 1102 gertibm

118 1114 232 1176 eorporis,
250 1123 298 1164 tom
318 1119 409 1182 reliquo
427 1127 542 1183 spporeto
562 1120 738 1186 etsupellectili
752 1117 1213 1180 enedeoensetludeeensinbistebtts

118 1193 190 1240 aliter
199 1195 283 1244 indies
297 1205 322 1245 et
338 1199 405 1246 eliber
418 1198 533 1264 judiesun
544 1207 614 1264 etque
632 1201 767 1250 inventores
781 1215 892 1248 uersuum
908 1200 1108 1255 remedorum
1118 1201 1211 1250 sdliest

119 1283 144 1320 et
152 1273 277 1337 ligurrmm
295 1285 471 1343 ceterorumque
490 1280 631 1344 hujusmodi,
642 1297 732 1346 semper
750 1283 882 1329 honorent:
900 1287 989 1345 pestem
1002 1281 1045 1328 beo
1055 1281 1144 1328 nutteu
1153 1280 1210 1328 etet·

117 1353 162 1401 teti
183 1355 296 1428 msjoqem
314 1359 365 1407 lore
384 1375 513 1416 cenamus,
524 1371 587 1410 recte
604 1363 731 1410 edmodum
749 1361 893 1424 judienntes.
910 1367 986 1408 mutet
1003 1360 1067 1408 enim
1081 1359 1211 1425 juventutis

116 1449 195 1483 mores
206 1439 307 1494 occulte,
315 1440 419 1504 lnoitqne
429 1449 456 1488 ut
474 1443 551 1505 prisco
566 1445 662 1506 quidem
680 1443 747 1500 vilis,
757 1457 819 1490 nors
829 1457 883 1490 rero
894 1442 966 1506 digus
975 1443 1065 1489 bonore
1075 1441 1209 1490 ridssntur.

117 1529 163 1578 qus
185 1517 292 1566 oratioue
313 1529 339 1568 et
358 1521 472 1586 opinions
489 1523 548 1577 nihii
570 1539 648 1572 rursus
665 1537 743 1572 sssero
761 1522 916 1587 perniciosius
936 1522 1070 1570 ueterum:
1089 1535 1149 1570 esse.
1166 1521 1210 1572 ssd

117 1597 206 1652 sedite.
221 1607 337 1661 quantum
355 1601 381 1649 id
402 1603 489 1650 melum
506 1617 557 1650 esse
575 1619 668 1652 censeo.
701 1603 758 1653 Cur.
775 1602 940 1665 Vitupsrerins
961 1601 1037 1666 pisce
1055 1599 1140 1650 melum
1159 1615 1211 1650 esse

117 1675 354 1728 broieitetibussis?
389 1682 492 1730 Aruns.
510 1683 673 1747 Aiosquidem
684 1685 764 1732 uelde.
796 1683 854 1731 Cur.
870 1682 926 1731 Non
945 1682 1019 1730 melos
1036 1680 1068 1729 sd
1084 1679 1146 1730 nme
1155 1697 1208 1732 otn-

115 1756 203 1806 tionem
213 1773 259 1806 nos
267 1760 387 1810 auditores
394 1763 498 1819 babebis,
507 1765 556 1819 red.
567 1773 679 1828 queremur
690 1765 740 1812 lieri
749 1771 836 1828 potest,
843 1763 1080 1811 benivolentissime.
1104 1761 1209 1812 dress.

117 1837 310 1888 Consentaneum
328 1851 372 1889 est.
405 1841 464 1891 Cor.
480 1843 527 1892 Die
539 1845 597 1909 jem.
630 1845 732 1892 Arses.
749 1843 829 1906 Agite,
846 1841 968 1890 sudistnus
985 1843 1037 1890 boso
1056 1841 1208 1905 diligentissi-

117 1931 164 1973 me,
182 1925 254 1982 etque
273 1919 308 1968 its
327 1922 388 1969 inter
402 1937 448 1970 nos
464 1923 623 1972 dissemmus:
641 1924 794 1972 mutationem
804 1923 843 1971 sio
859 1922 967 1970 omnibus
988 1921 1013 1968 in
1023 1920 1103 1991 rebus,
1111 1933 1207 1984 pretet·

116 2013 187 2060 quem
196 1999 274 2056 rnnlis,
284 2016 337 2049 esse
348 2003 577 2064 pericttlosissimom,
587 2006 612 2052 in
623 2005 767 2068 temporibus
776 2003 893 2058 omnibus,
903 2003 1014 2060 inreuds,
1025 2003 1051 2050 in
1066 2003 1139 2051 diets
1154 2017 1207 2052 eor·

114 2093 207 2141 porum,
214 2081 351 2130 inmoribus
357 2083 493 2140 mimorum,
504 2085 529 2132 io
538 2086 647 2146 omnibu,
657 2085 801 2150 simpliciter,
810 2091 966 2148 preterquam
977 2084 1002 2130 in
1013 2084 1090 2141 mulis,
1100 2093 1127 2133 ut
1136 2085 1207 2133 modo

117 2157 233 2208 dicebsm.
249 2177 345 2225 empore
365 2163 469 2227 quidem,
491 2181 546 2214 curn
564 2167 646 2230 primis
667 2153 727 2214 cibis¹
747 2165 866 2228 aliquibus
886 2172 912 2212 et
932 2164 1026 2227 potibus
1046 2163 1208 2228 tebououeque

117 2249 221 2297 utunmr,
231 2241 352 2290 turbentur
361 2243 535 2308 quodmodo
545 2263 550 2292 :
568 2247 656 2294 deiude
664 2263 693 2295 er
702 2247 812 2294 diutumo
823 2246 905 2292 lterum
914 2259 989 2292 rerum
1001 2259 1044 2292 usu
1053 2252 1209 2293 uonmmount

114 2321 261 2386 pinguiaque
270 2323 408 2381 redduntur,
426 2325 499 2392 [198]
516 2335 587 2391 etque
598 2328 729 2392 hujusmodi
740 2328 808 2374 rietu-
814 2333 897 2390 utpote
904 2325 956 2389 jem
967 2332 1087 2382 moenem,
1097 2324 1207 2374 inmilisrl

116 2409 140 2448 et
148 2403 236 2456 emico,
247 2403 392 2452 delectentur
402 2407 529 2455 admodum
539 2415 564 2455 et
573 2409 661 2472 optime
669 2409 757 2457 velent.
773 2423 801 2455 sc
810 2407 831 2454 si
841 2421 869 2454 er
882 2405 998 2469 probnbdli
1006 2407 1086 2470 nliqus
1094 2406 1123 2454 sd
1133 2405 1206 2454 nllstn

114 2489 234 2543 coguntur
254 2484 349 2533 transire
368 2486 471 2542 dietum,
490 2489 515 2536 in
534 2490 626 2537 morbos
643 2489 712 2537 initio
734 2488 873 2537 eonourbste
884 2487 999 2541 incidunt,
1011 2493 1134 2549 sutsqusm
1146 2501 1208 2536 noro

115 2561 192 2609 victui
211 2577 369 2614 cousuesosun
385 2567 448 2616 idem
468 2583 560 2634 quoque
571 2570 596 2616 in
607 2569 789 2633 rogitsdonibus
799 2568 920 2614 hominnm
932 2567 1107 2630 mimorumque
1117 2567 1209 2616 nsbnris

117 2643 166 2690 fieri
185 2641 345 2706 ooqitsudum.
360 2662 442 2696 omnes
459 2647 522 2696 euim
544 2665 586 2696 ess
604 2650 670 2712 leges
687 2649 768 2697 oolrmt
778 2655 804 2694 et
814 2647 927 2694 innovare
938 2645 1106 2701 lormidsnt‚iu
1121 2645 1207 2710 quibus

117 2721 211 2771 eduosti
221 2731 284 2780 runt,
294 2725 315 2773 ei
324 2727 373 2774 ille
383 2727 464 2777 dirius
472 2727 575 2793 quedem
584 2730 677 2777 lortuns
684 2729 762 2791 longis
770 2727 913 2790 temporibus
923 2725 1033 2774 stabilite
1043 2726 1138 2780 inerint,
1145 2725 1207 2774 sdeo

118 2813 143 2850 ut
161 2805 243 2852 nullus
262 2813 303 2853 sut
321 2807 453 2856 recordetur
468 2817 510 2858 sut
525 2809 641 2858 audiverit
651 2823 692 2857 ess
701 2823 803 2872 uuqosm
814 2823 839 2855 se
852 2807 920 2856 eliter
930 2806 1047 2855 babuisse.
1064 2813 1207 2871 quopropter

117 2887 249 2948 excogitem
266 2885 339 2934 debet
357 2889 483 2952 legielstor,
501 2903 548 2952 qus
565 2889 604 2936 ris
619 2889 645 2937 id
662 2889 687 2936 in
707 2887 803 2936 ciritste
814 2879 988 2952 quodammodo
999 2887 1047 2934 iet.
1062 2887 1125 2937 buno
1135 2887 1207 2951 igitur

115 2965 166 3026 ipss
176 2966 272 3016 modum
284 2969 431 3032 excogitari:
465 2969 654 3018 Adolescentum
665 2967 732 3016 ludos
742 2968 848 3033 quotidie
859 2969 970 3024 roriston
979 2975 1004 3016 ut
1014 2983 1083 3030 snprs
1094 2969 1205 3026 diximus,

116 3045 249 3094 existiment
269 3061 350 3096 omnes
368 3049 428 3098 nibil
445 3049 510 3098 uliud
528 3065 580 3098 ssss
599 3063 670 3113 qnsm
687 3061 778 3112 nugss:
795 3062 873 3111 neque
883 3047 1051 3112 quiequsmed
1061 3047 1204 3098 offleisritse

115 3125 200 3174 habers
220 3127 342 3177 momenti.
357 3145 429 3192 qusrs
448 3130 544 3186 cedunt,
564 3137 590 3178 et
607 3129 761 3177 mutationem
769 3130 830 3176 beno
840 3127 1062 3190 innomtionemque
1072 3127 1123 3176 ieri
1132 3128 1204 3177 inoils

115 3207 250 3269 potiuntur:
267 3223 313 3258 nec
328 3210 473 3274 intelligunt,
493 3210 557 3274 quod
575 3223 674 3258 neeesse
682 3217 727 3264 est,
738 3223 823 3271 pueros
830 3207 926 3256 dirersis
936 3221 964 3255 so
974 3207 1064 3270 priores
1074 3207 1135 3256 ludis
1145 3221 1203 3270 gnu-

115 3287 200 3336 dentes
222 3287 324 3338 disemos
345 3290 527 3355 differenterque
547 3307 563 3339 tt
582 3289 696 3354 prioribus
716 3289 778 3336 rlros
797 3288 865 3336 lieri:
893 3288 998 3336 diversos
1020 3301 1076 3334 rsro
1097 3285 1203 3344 effectu,

115 3367 234 3416 direrssm
246 3383 336 3434 quoque
354 3373 427 3420 ritem
438 3373 586 3436 quesituros,
596 3379 667 3435 etque
678 3371 733 3419 bino
744 3383 805 3418 nors
816 3368 895 3416 sordis
904 3367 1015 3432 legesque
1023 3366 1206 3416 desidereturos.

112 3449 170 3497 ltine
191 3465 262 3499 uerno
279 3451 388 3501 lormidst
403 3462 503 3516 pestem,
522 3468 592 3517 quem
613 3453 663 3500 diri
680 3451 807 3500 mulorum
825 3449 917 3498 oiritsti
936 3448 1046 3496 luterem.
1062 3446 1105 3496 ssd
1125 3459 1205 3496 semro

115 3529 220 3592 quidem,
242 3534 370 3593 presertim
391 3533 454 3582 circs
470 3535 555 3597 figurae
573 3541 669 3589 mutuis,
689 3533 767 3580 minus
778 3537 873 3580 nocent.
888 3529 967 3580 crebre
976 3543 1031 3576 reto
1043 3528 1069 3576 in
1079 3527 1204 3576 laedendis

115 3611 323 3675 rimpsrsndisque
345 3613 448 3662 moribus
466 3614 588 3662 innorstio
609 3614 743 3678 grsriesime
762 3613 842 3668 etism,
862 3617 889 3658 ut
907 3609 1011 3666 srbitror,
1032 3616 1057 3656 et
1076 3607 1202 3672 plurimum

114 3689 270 3740 lormidsude.
302 3693 361 3743 Cur.
377 3695 489 3752 Quidni?
522 3695 625 3744 Arnus.
642 3694 681 3742 Au
690 3709 738 3742 uon
745 3693 903 3759 superioribus
912 3689 1058 3740 sermonibus
1068 3686 1203 3737 eredimus?

114 3771 139 3818 in
158 3771 245 3836 quibus
265 3771 375 3832 diximus,
396 3776 461 3840 quod
480 3777 581 3842 rhythmi
600 3785 625 3824 et
643 3785 723 3825 cetero
737 3775 833 3824 morien
844 3787 930 3836 genere
940 3771 1083 3820 imitstiooes
1092 3767 1202 3834 quodem

114 3863 168 3899 sunt
179 3867 269 3901 morum
280 3861 329 3902 tum
341 3856 451 3905 bonorum
463 3857 582 3906 bominum
592 3865 643 3906 mm
654 3858 783 3906 melorum?
794 3857 832 3904 rel
841 3853 899 3918 quid
909 3851 1033 3900 diosmus?
1060 3851 1118 3900 Cur.
1130 3848 1204 3898 Nullo

115 3931 186 3980 ruodo
208 3933 279 3981 sliter
297 3935 434 3984 sentiemus.
465 3937 569 3986 Arnon.
585 3937 658 3986 Omni
678 3937 749 4000 igitur
767 3935 858 3983 rstione
876 3927 1205 3994 oousndum‚nepueritisin

113 4013 222 4062 centibus
239 4022 265 4062 et
285 4017 447 4066 snltstionibus
466 4033 527 4066 nore
542 4033 644 4082 uuqueru
663 4018 750 4066 sudest
769 4014 862 4070 imitari,
881 4027 942 4062 nere
961 4005 1062 4059 ullussd
1074 4009 1205 4058 noritstetn

113 4107 197 4155 pueros
219 4095 365 4160 voluptatum
382 4098 551 4148 blandimentis
566 4101 663 4148 sllioist.
695 4099 753 4148 Cur.
770 4096 865 4160 Optime
876 4093 943 4142 diois.
974 4089 1078 4140 Arene.
1094 4087 1206 4138 Hebetes

112 4175 236 4238 quiequsm
257 4183 361 4224 nostrum
381 4187 456 4227 ortem
476 4179 506 4227 sd
525 4181 575 4228 bne
593 4178 709 4244 AEgyptis
726 4175 866 4226 meliorem?
884 4173 957 4238 [709]
975 4171 1034 4222 Ctt·
1050 4169 1205 4229 Qttmillm

111 4255 190 4302 dieis?
216 4254 322 4306 Aruer.
335 4257 369 4307 Ut
379 4259 474 4323 tripudii
483 4267 613 4324 mutusque
624 4273 710 4324 genero
721 4257 775 4306 Diis
783 4257 863 4304 omnin
873 4261 1052 4304 consecrentur:
1069 4259 1094 4299 et
1104 4250 1206 4314 prim

112 4334 210 4398 queem
226 4336 284 4384 rese
302 4339 353 4387 ete·
371 4341 455 4403 tingui
474 4341 500 4389 u
521 4338 807 4403 contemnemdum
818 4335 981 4399 mutunus
989 4327 1205 4394 Deommmfllffi

112 4423 137 4461 et
158 4415 306 4467 doemonibus
323 4427 473 4470 stetusntur:
491 4421 587 4478 deinde,
608 4437 661 4486 que
681 4419 797 4468 seorifioie
817 4417 901 4481 quibus
921 4415 980 4464 Diis
1003 4413 1125 4462 offerendo
1141 4415 1205 4459 nunt.

111 4495 269 4546 ordinentur:
287 4501 358 4564 quire
376 4509 459 4550 ernon
476 4511 501 4550 et
520 4505 610 4553 eborea
628 4502 712 4566 quibus
729 4500 871 4549 convenient
887 4493 1206 4554 nocetumdtsmgueutur·

108 4591 164 4640 qun
175 4587 302 4644 postqum
324 4580 438 4634 duduco
448 4591 511 4644 sumt,
532 4584 649 4635 communi
670 4583 734 4632 eires
750 4595 832 4632 omnes
850 4578 963 4628 libatione
983 4583 1034 4624 tum
1051 4570 1140 4700 Perciq
1149 4577 1201 4618 tum

179 4659 298 4712 Pluere
684 4663 718 4713 ll·
1089 4655 1104 4703 ⁸
