3174 5296
170 537 244 618 ons]
635 539 824 602 nnrxrns.
1206 543 1266 603 ιιι

169 695 229 744 altit
248 694 295 760 ipsi
306 695 401 761 negotii
406 694 487 752 merit,
495 693 540 744 sed
548 694 611 759 qnod
623 709 661 744 ma
669 710 713 761 pro
723 695 836 760 imperito
847 694 978 760 sapientem
988 694 1266 762 iselttqnsmsdrnndum

168 775 243 840 siquis
252 791 290 826 ms
299 765 553 842 nnnegramnsatirum
563 773 669 834 iecisset,
680 791 780 827 neeesse
791 784 830 826 est
839 777 916 842 ipsum
924 776 998 827 etiarn
1003 777 1067 828 alins
1081 793 1120 828 rea
1130 779 1266 843 mamati·

168 869 211 906 oss
221 855 282 906 mihi
289 856 390 906 faeiem
408 864 441 914 et,
452 858 474 906 si
488 855 615 914 musicum.
627 858 745 906 mosim:
762 857 829 906 velus
842 873 919 922 quum
927 858 1017 907 bonnm
1029 873 1066 908 me
1082 859 1177 916 iecerit.
1193 859 1266 910 simul

169 936 244 986 bonas
253 939 324 988 etism
336 953 374 987 res
382 938 441 987 rnibi
452 937 538 988 iaoisse
549 953 648 987 neeesse
660 947 705 986 ast.
728 937 758 986 ln
769 938 808 986 his
816 947 895 986 autem
907 939 1024 989 Prodicus
1034 956 1144 990 ssmnsus
1154 955 1203 990 nun
1217 949 1265 997 est.

168 1017 270 1068 sedilia
285 1019 382 1084 qnidam
397 1019 564 1068 confitebatur.
597 1019 687 1069 Utrum
703 1032 761 1066 saro
777 1017 823 1067 tibi
844 1019 939 1069 videtur
955 1020 1062 1088 (inquit)
1081 1022 1148 1070 velut
1167 1021 1265 1072 donnum

168 1099 255 1156 ianam.
267 1099 370 1149 huminis
379 1114 442 1164 opus
451 1115 512 1172 asae,
522 1099 557 1148 sio
572 1099 647 1148 etiarn
655 1115 696 1148 res
705 1099 781 1148 bouss
797 1099 875 1148 iscam
884 1100 893 1147 i
908 1115 940 1148 sn
957 1116 1055 1151 nenena
1064 1109 1116 1160 est,
1130 1103 1212 1168 quales
1234 1103 1265 1151 sb

167 1179 238 1230 initio
247 1180 345 1238 ιωιὶιιι,
356 1181 407 1230 sire
417 1180 496 1237 bonu,
506 1180 556 1228 sire
563 1181 642 1235 malm
653 1181 714 1229 tales
725 1180 789 1244 ipsas
798 1182 957 1245 pmmauersi
989 1181 1128 1246 Suspicatus
1138 1191 1216 1233 auteur
1225 1182 1267 1248 (nt

168 1260 230 1310 mibi
239 1261 345 1325 ridetur)
357 1260 482 1316 Ριοὰἱοιιι,
493 1275 540 1324 quo
551 1275 628 1310 sermo
638 1261 686 1326 ipsi
695 1263 826 1310 admodum
840 1270 934 1312 versute
945 1277 1099 1328 prooeasurns
1109 1271 1182 1320 esset,
1193 1273 1220 1313 nt
1235 1281 1267 1314 ne

168 1355 247 1390 noram
257 1343 368 1391 omnibns
378 1340 535 1406 pratentibus
544 1331 574 1390 ab
584 1340 764 1390 admonentur
773 1341 882 1406 redemi
895 1341 1027 1392 rideretur:
1045 1343 1079 1408 (si
1089 1343 1154 1392 euius
1160 1344 1205 1392 soli
1221 1345 1269 1410 ipsi
1319 1393 1322 1400 ,

167 1421 214 1470 hoe
224 1421 425 1478 nuttamnintt
436 1421 523 1470 reterre
535 1423 654 1488 putasset)
662 1423 724 1471 disis
734 1422 838 1472 bominis
848 1438 909 1487 opus
919 1439 981 1473 esse.
998 1423 1085 1474 Utrum
1096 1439 1153 1474 sero
1160 1425 1266 1492 (lnquit)

165 1501 261 1552 sideosr
270 1503 314 1552 tini
324 1503 398 1552 virtus
408 1502 491 1552 doceri
501 1517 580 1566 pone,
591 1515 633 1552 aut
650 1511 760 1552 anatum
779 1503 853 1553 insita
866 1504 934 1554 esset
966 1504 1054 1554 Doceri
1071 1520 1143 1570 posse
1159 1505 1267 1572 (inquit)

165 1583 227 1633 snilsi
236 1583 340 1634 videtur.
366 1582 455 1633 Nonne
465 1583 561 1632 videtur
569 1583 729 1650 tibi(iuqnit)
739 1584 841 1635 stolidus
857 1599 919 1643 esse,
935 1585 1011 1650 siquis
1028 1585 1139 1650 precihus
1156 1587 1187 1636 ad
1207 1588 1267 1636 deon

166 1663 259 1723 etl'ssis,
278 1665 455 1731 grammaticum
472 1672 514 1714 ant
532 1667 649 1716 musientn
667 1681 694 1714 se
711 1666 1268 1742 ioreputet‚autslia1nqnandanssoieutiasn

165 1745 316 1810 adepturum,
327 1746 457 1795 sineoesse
467 1753 506 1795 est
515 1757 556 1794 snt
566 1746 597 1796 ab
607 1747 655 1796 alio
666 1747 781 1797 discendo
792 1749 923 1812 acquirere,
934 1755 976 1798 sut
983 1757 1009 1797 ut
1016 1748 1071 1813 quis
1080 1749 1133 1813 ipse
1141 1749 1266 1798 inrmiat?

166 1825 289 1876 Anonsus
299 1827 443 1877 estethnr.
474 1827 563 1876 Nonne
573 1827 666 1893 (iuquit
679 1827 886 1894 addeseentulna)
904 1837 939 1887 tu,
956 1843 971 1878 o
988 1829 1099 1886 Prodite,
1116 1845 1190 1893 quum
1208 1829 1268 1879 deos

167 1909 378 1973 pssmrlstelionn
390 1923 534 1965 menemus,
544 1915 606 1958 etnt
617 1909 735 1958 bonatibi
752 1911 902 1974 contingant,
921 1919 979 1960 tnnc
1000 1910 1061 1960 nihil
1077 1910 1143 1959 alind
1163 1910 1269 1974 preosda

167 2003 237 2054 qnam
246 1999 274 2038 nt
293 1997 409 2054 pmstnns
427 1997 454 2038 et
470 1990 546 2038 bonus
567 1990 627 2038 das?
650 1988 789 2054 siquidem
808 1989 981 2054 prestantibus
997 1997 1024 2038 et
1042 1990 1113 2038 bonis
1133 1989 1269 2038 hominibus

166 2070 363 2120 atismrosbonss
374 2078 444 2120 snnts
460 2071 715 2128 maiisanternmala·
747 2069 772 2120 Si
782 2071 880 2135 quidem
888 2071 961 2135 igitur
979 2070 1057 2118 virtus
1076 2068 1158 2118 ὼοοιί
1179 2077 1267 2133 potest,

167 2152 230 2200 nihil
240 2150 405 2216 slindpanssi
423 2149 521 2208 rideris,
536 2165 609 2214 qnam
624 2159 654 2199 nt
672 2150 779 2200 docearis
800 2165 830 2200 ea
847 2165 901 2214 qun
918 2166 966 2200 non
987 2150 1044 2200 sois.
1076 2149 1129 2214 Ego
1148 2150 1222 2214 igitur
1237 2149 1270 2199 sd

167 2231 298 2282 Prodicum
308 2231 417 2281 dicebam
426 2231 492 2296 quod
502 2231 561 2280 mibi
569 2231 692 2281 rideretur
701 2232 816 2282 nonvilis
825 2247 865 2281 rea
874 2233 923 2296 ipsi
932 2230 1089 2289 secidisss,si
1106 2231 1133 2280 in
1148 2233 1194 2281 bno
1211 2247 1269 2296 pee-

168 2319 254 2370 ussat,
265 2319 298 2370 at,
309 2313 329 2361 si
339 2313 409 2362 nobis
416 2327 447 2362 ea
456 2327 509 2376 qna
520 2327 536 2360 a
545 2313 593 2362 diis
603 2327 734 2377 precamur,
744 2313 817 2361 simul
827 2313 901 2361 etiam
913 2313 1050 2378 contingere
1067 2319 1170 2377 putarat.
1202 2312 1267 2362 Nam

168 2393 264 2442 edamsi
271 2393 374 2442 subinde
384 2407 486 2457 propere
497 2392 529 2442 ad
538 2393 660 2443 deitatem
670 2393 748 2450 radis,
759 2399 785 2442 et
795 2393 916 2443 adorando
931 2409 946 2442 a
957 2394 1004 2442 diis
1021 2393 1085 2457 petis
1102 2401 1131 2442 ut
1145 2393 1205 2443 dent
1223 2395 1269 2444 tibi

169 2473 247 2523 bona:
264 2475 329 2523 nosti
338 2481 426 2531 tanam,
436 2473 492 2524 ilios
500 2489 549 2523 non
558 2489 629 2538 posse
646 2475 697 2524 hae
717 2474 761 2523 tibi
770 2475 827 2522 dare
844 2489 898 2538 qna
916 2481 942 2523 tu
956 2474 1028 2538 petis.
1061 2473 1268 2532 Quemadmodum

169 2555 192 2604 si
201 2554 232 2604 ad
248 2555 416 2619 grsumustae
425 2555 489 2604 iores
499 2554 634 2612 secederes,
644 2562 671 2606 at
681 2561 776 2620 peteras
783 2561 811 2604 ut
822 2553 887 2603 duret
897 2555 940 2603 tihi
952 2554 1127 2618 grammaticam
1136 2555 1268 2612 seientiam,

170 2636 213 2701 qui
222 2636 284 2686 nibil
293 2636 359 2685 alind
369 2635 422 2700 ejus
433 2637 509 2700 gratia
524 2643 658 2692 recusans,
673 2636 717 2684 sed
734 2651 783 2701 qua
799 2643 898 2700 wcepta
912 2635 994 2684 atatim
1010 2635 1085 2684 etiarn
1104 2637 1270 2700 grammatistae

170 2731 244 2781 opera
262 2716 362 2766 ieceras
395 2715 744 2780 Haomedicente,l’rndinus
763 2717 788 2764 in
806 2717 1011 2764 adolescentulum
1028 2715 1193 2775 invehebatur,
1203 2719 1271 2766 velut

170 2799 305 2856 ultimant
321 2797 525 2846 demonstraturus
544 2799 596 2846 huo
610 2812 663 2862 quse
680 2805 706 2845 tu
721 2813 784 2845 nuno
803 2795 879 2861 [399]
897 2797 997 2844 moleste
1018 2797 1096 2845 ferens
1113 2798 1134 2846 si
1148 2797 1271 2846 videratur

170 2877 257 2929 husus
278 2881 339 2928 deos
358 2879 458 2942 precari.
493 2877 588 2928 Deinde
610 2873 748 2942 progressam
758 2876 1046 2942 Gymnasiarchusipsnrn
1062 2877 1272 2942 egymnusiodis·

171 2961 258 3011 mes
266 2961 376 3026 jubebat,
390 2960 505 3024 relntqni
515 2975 563 3008 nou
583 2957 671 3008 idonea
684 2958 813 3022 juvenibus
835 2957 976 3006 dissereret:
995 2957 1014 3004 si
1031 2973 1089 3006 sero
1109 2973 1158 3008 non
1174 2959 1270 3014 idonea,

171 3042 286 3092 ninsirnrn
300 3045 372 3093 rnala.
405 3045 465 3094 Har
477 3059 532 3092 sero
541 3043 610 3107 hujus
621 3041 697 3105 grstia
707 3042 751 3089 tibi
760 3041 880 3095 recensui,
892 3049 920 3088 ut
930 3039 1013 3086 videns
1029 3041 1150 3102 quomodo
1163 3041 1272 3088 homiues

171 3125 254 3175 affecti
264 3133 386 3189 suntsrga
396 3123 578 3188 philosophiam.
601 3119 715 3168 Prodicus
726 3119 789 3168 enim
802 3134 888 3182 nuper,
902 3133 974 3181 quum
986 3120 1036 3167 hur
1052 3119 1152 3175 diceret,
1168 3120 1271 3168 insanire

171 3201 547 3271 manutenementum
565 3207 593 3248 ut
611 3199 684 3248 etiarn
701 3215 714 3247 e
733 3199 857 3264 gymnasio
873 3197 1014 3261 ejiceretur:
1033 3205 1058 3246 tn
1076 3213 1133 3246 vero
1150 3213 1215 3248 nuno
1235 3201 1271 3248 ita

170 3289 326 3336 vehementer
335 3286 398 3332 bene
407 3281 546 3331 disseruisse
553 3280 650 3338 rideris,
661 3289 688 3328 nt
696 3295 746 3327 nou
754 3280 830 3327 solnm
840 3277 995 3344 presentibus
1012 3279 1165 3343 persuaseris,
1183 3279 1235 3339 sed,
1244 3288 1273 3329 ut

172 3367 247 3418 ausu
257 3365 404 3414 adversarius
410 3363 456 3412 tibi
466 3362 617 3419 mentiatur,
629 3361 744 3412 effeceris.
779 3357 987 3418 Quemadmodum
998 3359 1070 3422 igitur
1086 3361 1111 3408 in
1123 3359 1230 3425 judiciis,
1251 3362 1273 3410 si

172 3447 337 3498 dnohonrisros
345 3447 411 3496 idem
422 3445 582 3494 testimouium
593 3443 725 3508 perhibent,
736 3443 804 3500 niter,
812 3441 855 3506 qui
863 3450 978 3506 prestans
987 3449 1013 3489 et
1020 3441 1096 3490 bonus
1104 3455 1157 3490 esse
1168 3443 1271 3498 videtum,

172 3531 241 3586 alter,
263 3529 354 3576 rualuu
371 3533 470 3591 propter
484 3525 711 3574 maliteatimoninrn
732 3523 808 3572 nihilo
823 3523 899 3588 magis
913 3520 1009 3587 judices
1024 3523 1205 3586 persuadentur,
1227 3522 1271 3570 sed

173 3610 280 3660 fortassis
287 3609 358 3658 etism
369 3607 600 3656 conuulsiseiuntt
618 3607 706 3656 sivero
715 3612 831 3670 prestans
841 3613 867 3654 et
877 3603 1002 3653 bonnsiliu
1019 3604 1070 3652 hnc
1087 3602 1182 3660 dixerit,
1198 3604 1271 3652 etiam

174 3693 392 3740 vehementervers
401 3703 453 3738 essa
469 3688 621 3738 videbuntur.
655 3687 772 3736 Fortassis
787 3687 860 3750 igitur
875 3687 949 3734 etiarn
966 3685 1123 3750 presentibus
1144 3685 1192 3733 tale
1213 3684 1272 3749 quid

175 3773 264 3822 soridit
271 3785 328 3836 erga
337 3779 363 3820 te
373 3777 398 3820 et
409 3769 544 3828 Prodicum,
554 3777 580 3819 st
590 3769 659 3819 illurn
669 3769 766 3834 quidem
778 3769 915 3833 Sophistsrn
922 3775 948 3816 et
958 3777 1108 3832 arrogantem
1116 3781 1169 3814 esse
1176 3773 1273 3830 putant,

174 3862 200 3902 ta
209 3867 268 3902 raro
279 3853 355 3901 sirnns
364 3851 459 3900 uirilem
470 3859 497 3900 et
504 3865 595 3916 magun
611 3850 799 3901 existimationis.
832 3849 929 3898 Deinde
947 3849 1077 3914 opinantur
1095 3856 1202 3912 oportere
1223 3863 1273 3896 nou

176 3935 278 3984 eundem
289 3949 423 3983 sermonem
432 3942 548 3998 spectare,
559 3933 602 3982 aad
614 3935 698 3998 qnsles
708 3934 757 3982 sint
772 3932 797 3980 hi
808 3931 849 3997 qni
857 3931 950 3980 dieunt.
983 3929 1019 3978 ht
1030 3943 1087 3977 vero
1104 3927 1197 3994 (inquit
1215 3929 1273 3977 Era-

176 4015 308 4080 sistratus),
320 4017 464 4072 oscenses,
477 4014 571 4063 etiarnsi
588 4015 722 4063 cavillando
738 4015 808 4072 dieis,
829 4021 911 4062 tsrnen
926 4011 1015 4075 aliquid
1026 4011 1205 4062 demeritis·
1218 4011 1275 4058 mihi

176 4097 278 4148 videtur.
311 4096 422 4146 Atnullo
436 4095 506 4144 modo
518 4097 664 4161 perdurent,
681 4095 779 4159 inquam
796 4109 851 4160 ego.
883 4092 931 4144 seo
948 4107 1000 4151 our,
1017 4091 1208 4157 quandoquidem
1223 4091 1273 4138 heo

177 4181 240 4230 bane
251 4185 348 4228 etrecoe
355 4178 526 4236 disseruerunt,
537 4191 586 4226 non
594 4176 668 4226 atinus
676 4191 731 4240 qun
741 4183 831 4226 restant
840 4176 872 4225 de
883 4176 928 4224 hoc
938 4189 1046 4223 sermone
1055 4174 1096 4224 isti
1107 4173 1156 4222 dno
1167 4173 1273 4236 perfece-

177 4261 250 4311 runt?
283 4261 473 4310 Videtnrsutem
484 4259 541 4308 mihi
558 4265 645 4306 rasura
661 4257 720 4322 quid
738 4257 807 4306 vohis
824 4257 1028 4308 nonsidersndunr.
1061 4255 1191 4319 Postquam
1208 4253 1274 4301 enirn

177 4343 205 4392 in
216 4343 262 4392 hoo
276 4349 458 4400 consenserunt,
473 4339 592 4404 aliquibus
603 4339 693 4388 bonurn
704 4351 767 4395 esse,
778 4338 895 4402 sliqnibus
908 4338 1004 4394 maium,
1015 4337 1134 4400 reliquom
1143 4343 1180 4382 est
1196 4334 1275 4384 eonsi-

179 4425 263 4473 darare
274 4421 332 4488 qnid
350 4424 381 4472 sit
393 4424 471 4488 ipsum
490 4419 618 4470 diuscere.
650 4420 676 4468 Si
687 4419 751 4468 enim
765 4433 815 4468 non
833 4420 878 4467 hoc
894 4419 996 4483 primum
1013 4413 1181 4481 repereritis,
1196 4429 1275 4479 nequo

179 4513 258 4555 utrum
272 4505 359 4553 malum
370 4503 548 4554 sntbonumsit
558 4500 694 4552 consentire
709 4499 821 4564 potestis.
854 4500 952 4549 Paratus
971 4505 1053 4548 autem
1068 4503 1094 4545 et
1111 4507 1157 4558 ego
1174 4511 1227 4546 sum
1248 4502 1278 4546 nt

179 4593 297 4652 qnantum
312 4599 406 4652 potsunt
417 4603 465 4636 nna
485 4585 609 4635 vobiscum
628 4581 785 4634 considerans.
818 4581 890 4632 Diost
908 4581 980 4646 igitur
1000 4577 1070 4628 nobis
1080 4577 1101 4626 is
1116 4577 1158 4640 qui
1175 4575 1276 4625 divitem
