3098 5314
124 532 198 610 roe]
461 533 515 594 un
539 533 710 596 uuureus
730 536 807 598 ure.
829 535 882 598 vr.
1153 539 1210 596 era

121 685 226 749 euque
233 686 337 743 eiteritre.
346 686 507 738 edoieeceetee
515 689 707 740 elendr'eoenibm
714 699 741 740 et
749 692 846 756 relique
865 691 982 742 wnetioni
1001 689 1161 755 dereopererq
1169 690 1210 738 de·

121 765 188 816 irent.
198 767 395 831 hoeipmetudio
402 771 475 820 etiem
485 771 525 820 ilio
536 773 571 822 uti
582 779 683 836 oportet,
693 775 755 837 quod
766 772 797 821 eb
804 771 969 822 occulteudoe
978 772 1097 822 nonnuliie
1107 771 1214 836 oppetie-

121 854 160 894 tur
168 863 174 893 :
183 846 227 895 eed
237 848 286 896 rire
297 850 342 907 eie,
351 850 400 899 eive
411 853 461 914 eqn·
473 853 579 902 custodie
589 854 620 902 eit
630 853 781 910 nominende,
790 854 840 902 eive
850 854 1060 918 quomodocunque
1071 852 1212 915 eiiterquie·

122 943 193 990 quem
204 928 270 984 velit,
280 937 381 993 oportet,
390 940 416 980 ut
426 933 466 996 qui
475 933 577 982 eiritetie
587 949 635 994 que
645 935 746 983 alutem
755 943 876 998 exoptent,
887 935 913 984 in
923 949 953 983 ee
961 949 987 982 ee
995 949 1021 982 re
1029 948 1072 998 pro
1078 931 1165 980 riribru
1176 931 1212 979 ‹12-

119 1007 363 1071 iigenterexereeent.
372 1013 483 1076 requitur.
494 1022 520 1062 ut
527 1013 557 1062 de
566 1029 690 1064 centorum
696 1015 846 1080 rediiiumque
855 1016 972 1066 electione
981 1014 1094 1066 dioemrm
1103 1013 1211 1076 megin·

120 1095 145 1136 te
161 1089 216 1138 ilioe
231 1101 350 1140 curetoree
366 1107 473 1157 egrotum
486 1101 535 1142 tren
553 1105 683 1160 eoqurmtur
693 1095 784 1154 edilee,
794 1097 912 1162 triperu'to
923 1096 1048 1146 duodecim
1058 1093 1208 1158 perteeurbie

120 1171 252 1233 complexi:
270 1173 311 1236 qui
329 1188 385 1222 eene
402 1175 455 1224 iiior
474 1176 602 1234 inimum,
622 1177 712 1226 vitrum
733 1178 797 1228 orbiu
817 1192 895 1228 curem
914 1177 1010 1233 hebent,
1031 1175 1210 1240 vulgeriumque

119 1249 240 1308 itinerum,
260 1269 313 1317 que
331 1269 346 1302 e
363 1255 459 1319 regione
475 1257 501 1306 in
517 1258 722 1306 urbemtendunt:
739 1258 920 1308 edificetionuro
931 1264 1070 1322 quoque‚kut
1080 1254 1209 1304 eeonndum

120 1332 188 1394 ieqee
203 1349 286 1382 omnee
301 1335 371 1384 tiene:
388 1351 500 1400 equorum
516 1347 636 1402 pentorn,
652 1355 710 1403 quet
720 1339 830 1388 moder
840 1339 927 1388 deduci
938 1339 963 1386 iu
975 1338 1057 1386 urbem
1067 1342 1166 1386 curent:
1184 1341 1211 1382 ut

119 1413 145 1460 in
156 1413 235 1462 iontee
244 1430 316 1478 quem
322 1415 483 1480 liquidieeime
494 1419 681 1485 adimentem
691 1419 815 1478 ducentur,
826 1435 855 1469 eo
866 1420 985 1469 civim
990 1417 1075 1482 jurent
1083 1417 1170 1480 puriter
1187 1424 1214 1464 et

119 1503 244 1544 exornent.
251 1505 344 1560 oportet
353 1498 397 1546 hoe
405 1513 458 1546 eree
474 1500 541 1556 teler,
552 1507 589 1557 ut,
596 1502 829 1550 intormieeemorunr
840 1515 903 1559 eure,
911 1501 986 1548 otium
997 1498 1099 1548 hebenut
1109 1495 1140 1544 ed
1151 1496 1212 1559 pub·

118 1573 167 1622 iioe
176 1577 329 1638 ptummdn
339 1587 482 1643 quopropter
492 1582 590 1644 qu'nque
601 1597 616 1630 e
626 1583 730 1630 menime
740 1597 821 1638 neuen,
831 1597 902 1645 quem
916 1581 983 1637 volit,
998 1579 1092 1628 edilem
1108 1576 1211 1624 futnmm

118 1656 244 1704 eummet:
261 1666 287 1706 et
296 1657 326 1707 de
335 1674 387 1716 een,
398 1661 439 1724 qui
450 1659 561 1725 eud'reqio
578 1669 668 1710 ceteroe
684 1661 836 1726 nuper-ibunt,
846 1669 895 1710 tree
912 1669 975 1710 torte
993 1658 1110 1724 deligent,
1128 1657 1214 1721 quibue

119 1751 181 1784 oure
197 1736 243 1786 inte
262 1738 317 1786 eint.
332 1739 436 1802 denique
456 1741 601 1804 comprobeti
618 1743 778 1807 meqieneturn
792 1741 922 1790 eenundum
931 1740 1079 1805 pretoriptee
1090 1737 1136 1786 eibi
1144 1737 1212 1800 leque

119 1824 240 1880 peragent.
257 1833 366 1868 nemeen
379 1819 500 1884 deincep,
509 1837 586 1868 rerurn
598 1823 715 1868 venalium
726 1828 852 1878 curetum,
863 1837 879 1869 e
888 1823 965 1885 primo
974 1817 1125 1882 eecutidoque
1135 1833 1210 1868 centu

117 1897 221 1960 quinque
232 1898 382 1961 deliguntur:
395 1915 521 1963 eorumque
530 1901 616 1950 electio
624 1900 788 1950 eodem'ierme
797 1901 873 1958 ruodo,
883 1917 930 1968 quo
936 1901 1048 1956 edilium,
1056 1899 1208 1962 ueueigntur.

119 1977 207 2042 quippe
225 1977 257 2026 de
275 1978 367 2036 decem,
384 1980 425 2043 qui
443 1989 535 2028 ceteroe
552 1981 662 2046 euffreqio
679 1983 818 2046 eupenrint,
833 1983 1007 2046 quinquenne
1017 1980 1176 2044 ἀσήμων.
1187 1987 1214 2028 et

119 2059 263 2122 eomprobeti
274 2060 423 2122 mugientem
434 2061 591 2110 deolereutur.
607 2063 714 2112 nominet
724 2071 802 2112 eutem
810 2063 939 2128 quemlibet
950 2062 1119 2127 uuurquiequo.
1136 2057 1210 2124 [764]

120 2139 163 2201 qui
172 2147 250 2186 entem
259 2139 323 2186 noiie
333 2141 487 2197 tenuabitur,
498 2143 617 2190 ‹ireohmie
627 2143 799 2208 quinqueginte
807 2143 939 2200 demetur,
950 2151 1022 2208 etque
1034 2141 1213 2204 etiminlqwe

120 2218 272 2266 existimetur.
288 2220 384 2268 cornitie
394 2237 588 2287 communemque
599 2236 694 2280 emtum,
705 2225 838 2289 quicunque
846 2225 914 2282 velit,
920 2223 1081 2288 ingredietur:
1099 2230 1170 2286 etque
1180 2221 1212 2270 ed

120 2298 147 2346 id
167 2300 239 2362 primi
258 2299 402 2364 recundiqno
423 2316 508 2352 cenem
523 2317 605 2352 ornnee
624 2313 745 2368 cogentur.
761 2319 830 2368 porro
846 2305 888 2370 qui
905 2304 936 2354 de
954 2305 990 2352 hir
1005 2304 1112 2360 obfuerit,
1128 2302 1211 2352 decem

119 2379 246 2430 damnetur
264 2382 388 2431 dnehmie.
404 2383 467 2432 tertii
485 2399 541 2432 roro
558 2385 680 2449 quertique
692 2401 777 2434 oenone
792 2386 901 2436 hominen
910 2401 958 2435 non
967 2398 1096 2449 cogentur:
1113 2384 1209 2440 iccirco,

121 2461 164 2523 qui
179 2475 228 2508 non
246 2462 357 2519 interfuit,
377 2462 496 2512 indemuie
513 2465 558 2512 eit:
576 2465 622 2514 uiri
638 2466 698 2514 forte
707 2467 835 2531 prinoipee,
845 2474 943 2532 urgente
954 2465 1215 2530 quedtmneceeeitete,

118 2540 209 2590 edeeee
218 2541 323 2592 omnibue
333 2543 457 2592 uenerint.
472 2552 509 2594 eet
517 2555 595 2594 eutem
605 2563 728 2596 cuneorum
737 2548 847 2604 officium,
858 2548 901 2597 fori
913 2546 1018 2596 ordinem
1035 2545 1126 2610 legibue
1137 2551 1212 2596 utetur·

122 2630 174 2670 tum
195 2638 304 2672 enuere:
320 2624 420 2674 hunum
440 2641 534 2691 quoque
550 2633 576 2676 et
591 2629 740 2692 templorum,
751 2644 804 2693 que
816 2629 841 2677 in
852 2643 881 2677 eo
891 2629 944 2678 loeo
953 2635 1016 2684 eunt,
1026 2641 1106 2676 eurem
1116 2627 1212 2681 nehem,

120 2711 148 2754 ut
168 2719 199 2754 ne
220 2705 274 2770 quie
287 2705 337 2756 illic
355 2706 469 2770 injur-iore
485 2708 612 2772 quicquum
631 2717 696 2774 eget:
713 2717 740 2757 et
757 2710 779 2758 ei
795 2710 848 2772 quie
866 2709 956 2764 feeerit,
973 2723 1054 2756 uerene
1071 2707 1169 2772 quidem
1188 2713 1214 2754 et

122 2785 259 2850 peregrinet
278 2787 411 2836 uerberibue
432 2796 457 2836 et
476 2789 574 2838 vineuiie
592 2805 674 2853 pteuee
699 2789 757 2846 luet,
779 2791 837 2839 eivie
858 2797 936 2838 eutem
956 2789 1090 2839 oeneoribut
1098 2786 1214 2838 drwirrme

121 2867 277 2932 eentumjure
285 2869 393 2917 oeumrio
400 2868 576 2918 eondomuetrn.
592 2869 674 2935 mejeri
684 2885 740 2920 uero
751 2872 848 2929 mulete,
856 2885 931 2936 oeque
940 2870 1043 2936 edhujue
1052 2869 1157 2934 duplum.
1164 2866 1215 2932 ieri,

121 2946 260 2998 nieiedilee
277 2964 371 3014 quoque
390 2949 478 3008 edeint,
496 2949 653 3000 condemnere
671 2966 720 3000 non
737 2952 837 3015 potuim.
852 2951 935 3002 eedem
952 2967 1047 3016 quoque
1068 2949 1212 3000 edilibuein

121 3029 216 3092 proprio
235 3029 370 3093 megunetu
393 3031 522 3080 muletendi
543 3039 568 3078 et
590 3031 705 3096 prmiendi
726 3032 832 3081 conditio
851 3030 890 3081 rit.
915 3047 972 3081 nem
990 3047 1064 3096 urque
1085 3030 1215 3080 edminm
1276 3053 1279 3060 ·

122 3109 297 3158 nondemnendi
315 3110 361 3175 ipei
376 3112 479 3161 hebeent
495 3119 650 3176 poteetetem:
668 3113 699 3161 ed
717 3113 814 3178 duplum
824 3127 881 3160 vero
891 3113 1005 3162 mulctum
1015 3127 1135 3160 centorum
1143 3110 1214 3159 timul

124 3191 252 3240 euotoritee
272 3192 410 3256 requiretur.
441 3193 501 3242 Poet
527 3194 578 3242 hec
600 3193 696 3242 muriae
716 3201 742 3240 et
762 3192 917 3258 gymnastico
934 3193 1085 3255 meqietretue
1106 3189 1215 3251 duplique

124 3273 247 3335 utriunque
266 3272 383 3322 tenuitatis
403 3275 589 3322 constituentes:
607 3273 649 3322 elii
666 3272 805 3342 dieeipline,
817 3272 859 3320 elii
873 3271 1045 3322 enereitetionie
1054 3283 1133 3318 cerret.
1166 3267 1216 3324 Qui

125 3352 259 3414 diedpline
271 3361 382 3415 preeunt,
402 3355 576 3420 gymneriorum
592 3353 796 3416 deminutumque
812 3360 920 3400 uenenum
941 3361 966 3400 et
981 3349 1089 3400 ducendi
1107 3347 1215 3396 ordinem

124 3439 224 3480 curent:
241 3447 388 3500 operumque.
398 3435 465 3495 dent,
483 3442 510 3484 ut
529 3443 576 3482 tem
592 3449 668 3484 meree
686 3449 757 3505 quern
764 3433 859 3482 ieurinm
870 3433 895 3480 in
906 3431 1066 3482 edoleeoentie
1075 3432 1173 3486 honeete
1184 3429 1216 3478 ed

123 3511 173 3562 inte
190 3513 373 3578 minimum,
390 3518 489 3566 honeete
510 3516 583 3564 etiem
603 3522 781 3564 ooornoreuuu.
814 3512 993 3563 monuerat:
1016 3525 1096 3560 curem
1115 3509 1218 3559 hubeent

123 3594 150 3642 in
170 3595 319 3661 gymneetiee
336 3605 362 3644 et
379 3595 469 3644 niuniu
487 3597 534 3660 ipsi
552 3597 696 3652 miletium,
713 3597 753 3661 qui
770 3609 869 3644 munere
882 3594 1006 3656 imponunt
1015 3599 1086 3656 etque
1095 3590 1218 3639 metunt

123 3676 227 3732 etnietie,
244 3675 304 3740 ipeie
319 3676 411 3726 emiieet
426 3676 585 3726 eenetoribue.
600 3685 672 3742 etque
688 3678 714 3726 hi
728 3677 835 3726 eimiliter
854 3675 964 3738 duplione
973 3687 1023 3720 eeee
1034 3671 1137 3721 debent:
1154 3669 1217 3718 circe

122 3755 240 3806 ”W
259 3747 310 3814 filii,
330 3757 370 3806 ehi
388 3757 451 3808 cirue
466 3757 643 3824 annerum
663 3767 689 3808 ot
706 3759 733 3808 in
753 3757 898 3824 gymneetioe
912 3753 1008 3820 quidem
1017 3751 1090 3802 iidem
1097 3750 1218 3816 periterin

124 3835 246 3884 hommum
257 3851 400 3900 equorumve
410 3839 576 3888 eerteminibue
587 3857 593 3886 =
610 3841 635 3888 iu
645 3839 735 3890 murice
746 3855 802 3888 vero
812 3839 854 3888 eiii
861 3838 887 3886 in
895 3833 1016 3890 monodia,
1027 3833 1053 3882 id
1066 3841 1102 3882 ert
1111 3839 1182 3882 centu
1193 3840 1218 3882 et

122 3916 232 3964 ‹een'one
247 3916 349 3976 funebri,
367 3925 394 3966 et
409 3920 541 3968 imitatione
558 3921 619 3985 ipee,
638 3920 698 3970 riout
716 3921 890 3984 rhepeudorunr‚
907 3931 989 3965 eorum
1006 3914 1105 3971 militet,
1120 3913 1161 3978 qui
1172 3915 1216 3962 de-

123 3997 281 4048 oentetoeimn
299 4009 444 4063 uomponunt
462 4001 759 4059 eermm‚eit1rnrtrterurn‚
778 3999 903 4051 tibicinum
921 4006 1097 4060 nemetumque
1118 3995 1216 4052 teiiurn:

122 4077 168 4130 eiii
186 4077 212 4124 iu
231 4078 296 4126 ebori
315 4088 393 4130 tutu.
412 4082 512 4145 primurn
522 4083 593 4146 igitur
603 4082 629 4130 in
639 4081 705 4132 ehori
715 4081 781 4137 ludo,
792 4080 832 4130 ubi
843 4079 894 4137 riri,
906 4078 973 4144 pueri
983 4087 1008 4125 et
1016 4077 1102 4141 puello
1112 4075 1218 4140 tripudio

121 4157 259 4224 eeter‘teque
275 4161 370 4210 rumino
388 4162 465 4210 modin
479 4172 624 4218 exornentur,
642 4161 765 4226 principes
779 4160 891 4225 eligendi.
908 4175 967 4208 unue
986 4165 1066 4206 eutem
1079 4158 1127 4206 illie
1135 4153 1222 4208 euffieit

124 4239 237 4304 ptinoepe
247 4254 296 4290 non
307 4242 429 4306 peueioree
440 4259 511 4308 quem
521 4243 675 4309 quedreginte
685 4233 758 4292 eunoe¹
765 4249 843 4290 netur.
860 4239 933 4308 [ide]
951 4255 1022 4288 unum
1033 4253 1127 4304 quoque
1139 4239 1163 4286 in
1172 4251 1220 4285 nro·

125 4318 202 4370 nudie
215 4319 321 4369 euficere
331 4322 477 4380 erbitremur,
488 4325 529 4388 qui
539 4325 636 4390 tn'qinte
644 4338 719 4375 ennoe
730 4321 867 4386 expleuerit,
878 4321 920 4386 qui
930 4327 955 4369 et
968 4319 1102 4369 introducet
1115 4318 1221 4366 hominen

129 4397 156 4448 in
174 4411 304 4457 minoen,
322 4403 403 4466 eieque
420 4405 561 4456 errffieieuter
575 4414 701 4470 ooquoecet
711 4413 736 4454 et
746 4403 847 4470 judicet.
863 4412 888 4452 et
897 4419 953 4452 vero
964 4401 1092 4467 principem
1103 4397 1222 4446 ordinetu-

129 4495 231 4544 nernqne
247 4483 313 4532 chori
329 4483 365 4532 eio
383 4491 475 4548 oportet
485 4487 583 4551 eligere.
598 4488 640 4551 qui
651 4487 707 4535 huic
717 4487 752 4534 rei
763 4493 857 4544 ment,
867 4487 892 4534 iu
904 4485 1028 4534 concilium
1040 4479 1223 4545 proficiscentur,

131 4561 225 4612 melete
231 4563 351 4627 imponite.
358 4565 560 4618 nieieeeewint:
572 4568 639 4634 hujue
644 4569 678 4618 rei
685 4569 765 4632 legum
771 4565 971 4632 curtodeejudieee
978 4565 1037 4616 rint:
1046 4557 1225 4686 ceteroquin·

196 4643 316 4696 Pium'r.
703 4650 736 4699 11.
1104 4645 1120 4689 ’ἱ
