3160 5314
320 541 359 602 84
547 537 714 600 rNcErtrr
736 535 940 595 Aucrortls
963 533 1213 596 CLITOPHON.
1348 541 1423 618 [tro

322 710 351 744 es
362 693 408 742 tuis
419 693 578 751 mundibrium,
588 693 706 749 Secretee,
717 690 848 755 respondit,
858 699 883 738 et
893 687 1018 738 buiiissime
1029 688 1126 752 quidem
1138 673 1205 754 idqui
1217 689 1279 740 uisus
1290 698 1335 738 net.
1358 691 1429 755 Opus

318 773 418 838 justitie
430 774 559 838 proprium,
575 773 664 838 inquit,
675 773 740 837 quod
758 769 846 820 nuliius
863 769 958 818 eiteriue
974 768 1092 817 facultatis
1109 777 1154 826 est,
1164 769 1290 819 emicitiern
1307 769 1332 818 iu
1343 771 1427 819 civite-

321 855 386 903 tibus
404 869 493 919 perere.
526 854 572 903 lile
589 869 665 904 mnus
681 853 844 916 interrogetus,
861 850 987 898 enrieitietn
1005 865 1056 898 esee
1073 849 1162 898 bonum
1180 851 1301 914 quoddem
1319 851 1427 909 essemit,

321 935 408 982 melum
420 951 474 984 sero
489 949 618 998 nunquem.
651 933 713 982 Cum
724 947 778 980 sero
798 931 977 994 interrogaretur
992 929 1023 977 de
1040 945 1165 992 puerorum
1176 930 1343 995 brutorumque
1353 933 1427 980 bene·

320 1014 439 1072 scientiis,
450 1029 508 1078 ques
519 1013 634 1062 emicities
644 1011 798 1061 communiter
807 1009 963 1074 eppeliemue,
974 1008 1088 1057 emicities
1104 1025 1155 1057 esse
1169 1025 1210 1058 ees
1220 1012 1325 1074 negenit,
1336 1012 1428 1076 quippe

322 1109 377 1142 curn
387 1093 474 1158 sepius
484 1093 573 1150 obsint,
584 1107 653 1156 quem
664 1091 755 1156 pmsint
767 1109 773 1137 ι
792 1089 908 1154 dixitque,
919 1089 971 1137 iites
982 1089 1040 1137 teiso
1053 1089 1168 1138 emicities
1179 1091 1311 1154 nuncuperi
1323 1109 1329 1138 :
1347 1105 1425 1138 serere

321 1181 400 1222 eutem
412 1171 538 1222 ensicitism
550 1187 601 1220 esee
612 1171 692 1235 procui
708 1170 782 1218 dubio
799 1169 988 1224 consensionem.
1021 1168 1083 1218 Cusn
1100 1177 1178 1218 eutem
1189 1179 1339 1235 quereretur,
1349 1179 1426 1218 utrum

321 1252 477 1302 escensionem
493 1251 558 1300 illem
576 1259 672 1300 noceret
689 1249 817 1315 opinionis,
829 1263 859 1296 en
876 1249 982 1297 scientie
1000 1263 1156 1298 concursum:
1174 1249 1311 1314 opinionem
1329 1250 1426 1314 quidese

321 1331 455 1388 coutemnit,
465 1329 522 1395 quis
532 1345 658 1380 concursus
669 1329 809 1394 opinionum
821 1327 888 1376 multi
907 1327 967 1378 iuter
977 1329 1084 1378 homines
1095 1344 1124 1378 ec
1134 1330 1197 1378 nonii
1209 1337 1280 1380 eunt:
1299 1331 1426 1379 amicitiam

321 1427 377 1461 sero
384 1413 469 1460 bouem
480 1410 577 1460 omniuo
585 1425 692 1475 opusque
701 1409 859 1474 justitiaeesse
870 1418 1025 1460 concesseret.
1043 1409 1192 1467 Quereidern
1201 1411 1427 1460 disitesseconsen·

321 1490 411 1540 sionem
418 1499 443 1540 et
450 1491 582 1550 scientiem,
589 1507 637 1540 non
645 1491 789 1556 opinionem.
806 1489 867 1540 Cum
876 1505 929 1538 vero
937 1491 984 1548 [suc
993 1490 1112 1555 loquendo
1119 1490 1194 1540 deleti
1202 1489 1427 1554 essemus,embigui

321 1569 441 1620 enditures
452 1571 563 1620 edversus
573 1571 638 1620 iilum
651 1570 725 1638 [41⁰]
743 1571 850 1636 protinus
866 1571 1030 1630 inclememnt,
1040 1573 1105 1636 quod
1115 1572 1198 1622 eodem
1209 1587 1283 1620 serm
1294 1572 1427 1620 revolvere·

322 1657 377 1698 tur:
395 1651 506 1714 quonism
523 1659 548 1700 et
563 1652 680 1702 medicine
700 1651 731 1701 sit
747 1652 873 1702 consensio
892 1653 1011 1716 quedem,
1021 1661 1047 1701 et
1062 1659 1123 1702 srtes
1139 1652 1243 1718 relique,
1255 1660 1280 1702 et
1295 1653 1357 1702 circe
1367 1653 1427 1717 quid

322 1740 452 1790 remeetur,
463 1731 581 1782 decierece
591 1741 688 1799 queeut.
722 1732 758 1782 As
774 1748 829 1782 sero
845 1735 957 1796 tuebere,
973 1749 1043 1798 quem
1054 1733 1123 1791 dicit,
1131 1733 1233 1798 juetitie,
1244 1733 1281 1782 rel
1291 1733 1428 1792 consensio,

321 1825 371 1875 quc
383 1811 460 1861 tendit
470 1813 570 1877 ignoret,
579 1815 672 1879 quodve
683 1830 744 1880 opus
755 1813 795 1876 sit,
806 1813 872 1864 ietet.
890 1814 980 1862 Eedesn
990 1815 1033 1862 ebs
1044 1822 1067 1862 te
1079 1814 1173 1863 tendens
1184 1814 1292 1878 quesivi,
1300 1813 1407 1862 Socretes
1419 1831 1425 1860 ι

322 1897 349 1940 tu
361 1907 416 1941 vero
426 1893 503 1942 stetim
512 1893 611 1958 justitie
626 1911 686 1960 opus
701 1911 751 1945 esee
763 1895 851 1953 dixisti,
862 1896 973 1958 prodesse
983 1895 1073 1953 emicie,
1084 1895 1192 1944 inimicos
1203 1896 1298 1945 tedae.
1330 1895 1427 1943 Deinde

322 1985 380 2020 sero
388 1972 452 2021 visus
463 1974 504 2022 tibi
515 1982 551 2022 est
562 1975 597 2022 vir
603 1974 685 2039 justue
702 1991 823 2040 uunquem
840 1975 925 2024 ledere
941 1991 1092 2040 quemquam,
1103 1977 1145 2024 sed
1156 1975 1267 2040 prodesse
1278 1975 1302 2023 in
1314 1975 1426 2024 omnibus

321 2053 460 2119 unicuique.
493 2055 554 2105 Haec
565 2072 613 2104 uon
625 2057 696 2106 semel
708 2064 809 2120 tentum,
819 2073 834 2104 o
844 2057 962 2114 Secretes,
975 2063 1017 2104 eut
1028 2057 1064 2104 bis
1075 2063 1165 2104 tentme
1176 2063 1246 2103 suut:
1264 2055 1305 2102 sed
1317 2069 1370 2102 cuns
1381 2054 1425 2101 diu

321 2135 422 2199 suppies
433 2151 475 2184 vos
485 2144 580 2186 secutus
597 2138 690 2196 fuerim,
701 2137 806 2200 denique
815 2137 921 2186 decenus
938 2153 998 2195 eum,
1009 2137 1152 2194 existimem,
1164 2145 1187 2184 te
1198 2137 1228 2183 ed
1245 2135 1425 2183 iniiemmeudoe

321 2215 438 2270 uonna.
454 2223 481 2264 ut
498 2216 602 2264 studium
618 2217 711 2266 virtutis
730 2223 865 2280 cepusent,
884 2217 968 2265 ceteris
985 2232 1036 2266 esse
1054 2215 1258 2264 rebenendorem.
1291 2214 1313 2262 E
1330 2215 1425 2264 duobus

321 2311 377 2345 sero
388 2296 523 2345 eitemtrum
540 2311 636 2344 necesse
647 2303 692 2345 est.
709 2304 751 2344 eut
766 2296 829 2345 enim
845 2303 943 2345 utenue
954 2303 1044 2344 tentum
1056 2295 1129 2358 reiee,
1140 2295 1200 2344 uitre
1211 2311 1265 2343 sero
1276 2295 1346 2353 ninii,
1356 2295 1424 2359 quod

321 2375 418 2438 quidem
431 2375 455 2422 in
466 2375 549 2439 queris
563 2383 612 2424 erte
623 2375 760 2440 contingere
778 2383 872 2440 potest:
890 2391 934 2425 ceu
953 2377 977 2424 iu
995 2385 1044 2425 erte
1056 2375 1219 2440 gubernatoris
1229 2377 1279 2425 deri
1291 2383 1377 2440 potest,
1388 2385 1425 2435 nt,

321 2455 364 2518 qui
374 2454 503 2518 gubernere
513 2455 599 2518 nescit,
609 2455 776 2520 excogitererit
787 2455 878 2522 eliques
888 2455 941 2520 ejus
951 2457 1008 2506 ertis
1018 2457 1110 2520 leudes,
1119 2456 1205 2521 quibus
1215 2457 1246 2505 ed
1256 2471 1308 2504 eem
1319 2457 1427 2505 homines

322 2542 444 2598 provocet,
455 2535 522 2599 queri
540 2535 678 2600 dignissime
688 2535 735 2584 sit:
754 2536 820 2585 etin
839 2537 923 2586 ceteris
938 2537 1027 2586 ertibue
1042 2537 1125 2586 endem
1137 2538 1217 2586 modo
1250 2537 1317 2586 idem
1328 2521 1425 2585 iuuisse

321 2613 365 2662 tibi
376 2615 429 2678 quis
439 2613 533 2674 tribuet,
545 2617 613 2681 qussi
630 2617 704 2666 nihilo
724 2617 796 2682 ruegm
810 2617 927 2682 justitiem
944 2619 1019 2682 ipsens
1037 2633 1176 2682 cognosces,
1186 2618 1230 2668 etsi
1248 2617 1357 2682 presciere
1372 2633 1425 2666 eenn

321 2694 414 2746 rsucss.
446 2695 501 2760 Ego
512 2705 590 2746 entem
602 2713 650 2746 ncn
661 2698 695 2754 sic
706 2697 823 2747 existimo,
840 2714 854 2746 e
871 2699 1035 2750 dunhusenim
1046 2698 1144 2748 elteruns
1154 2700 1251 2764 inquens
1262 2715 1268 2746 ε
1286 2707 1328 2747 sut
1337 2697 1427 2746 nescire

322 2782 347 2824 te
365 2774 472 2840 esbitror,
483 2785 524 2826 eut
542 2778 606 2827 nolle
625 2794 716 2828 mecum
733 2780 914 2829 communicere,
948 2779 1106 2838 Quernobrem
1123 2780 1155 2828 ed
1171 2779 1378 2845 i'hmsymeehum,
1397 2788 1426 2827 ut

323 2857 417 2920 opinor,
428 2873 465 2906 me
483 2839 610 2918 mitterem,
624 2868 649 2908 et
668 2859 725 2917 elio,
743 2875 886 2924 quocunque
905 2867 997 2924 potero,
1016 2875 1187 2924 spernensque
1205 2875 1221 2908 e
1236 2859 1425 2908 dubitetionibus

321 2934 423 2988 libereri.
455 2938 541 3002 Neque
551 2955 607 2989 reru
618 2941 665 2989 elio
685 2957 722 2990 nse
738 2942 876 2998 conferrem,
888 2941 908 2990 ei
924 2941 996 2990 relies
1007 2941 1059 3005 ipse
1076 2939 1278 2990 exhorteticnibus
1287 2941 1338 2988 istis
1348 2955 1424 3004 quen·

321 3017 402 3082 doque
412 3019 489 3068 meere
499 3020 579 3070 finem
611 3022 684 3070 Porro
694 3023 891 3087 quemedrnndum
903 3023 922 3071 si
940 3038 977 3071 me
984 3023 1035 3086 jeus
1046 3023 1103 3072 setis
1114 3024 1144 3072 ed
1155 3037 1234 3070 curem
1245 3021 1357 3085 corporis,
1369 3037 1425 3085 quse

322 3100 476 3162 gymnesticoe
487 3109 531 3160 cst,
542 3101 673 3167 incitem,
685 3110 739 3167 post
754 3105 938 3154 exhortationem
955 3103 1091 3168 hujusmodi
1101 3103 1202 3167 eperires
1212 3101 1278 3164 mihi,
1289 3102 1366 3166 quetis
1377 3101 1426 3150 mei

321 3179 426 3244 corporis
435 3190 497 3230 esset
507 3182 612 3241 effectio,
623 3191 648 3232 et
666 3185 732 3248 queii
751 3186 871 3235 curetiune
886 3185 1020 3250 indigeret:
1038 3187 1071 3234 ite
1081 3183 1105 3234 in
1118 3183 1240 3248 presentie
1250 3181 1331 3231 incito.
1349 3197 1426 3246 pune,

321 3257 489 3326 Clitcphouem
501 3263 545 3312 tibi
554 3267 693 3323 concedere,
706 3265 829 3316 ridiculum
846 3282 906 3324 esse,
919 3275 944 3314 ut
960 3266 987 3314 in
1003 3266 1056 3315 eliis
1067 3267 1134 3314 rebus
1150 3265 1202 3330 quie
1218 3262 1320 3312 studium
1332 3271 1425 3326 ponet;

321 3341 422 3390 enimsm
433 3359 498 3407 vero,
514 3343 582 3410 cujus
599 3347 673 3410 gretie
691 3347 717 3394 in
736 3347 821 3396 ceteris
838 3349 962 3404 leboretur,
975 3347 1089 3412 negliget,
1105 3354 1130 3396 et
1145 3347 1200 3404 elie,
1211 3359 1359 3408 quecunque
1370 3352 1427 3408 post

321 3421 372 3471 hee
382 3433 521 3487 sequuntur,
531 3433 557 3474 et
575 3425 639 3476 dicte
658 3428 729 3475 modo
748 3436 812 3487 suut,
824 3427 930 3476 retulisse
947 3443 984 3475 me
1004 3437 1069 3490 pute.
1102 3425 1207 3474 Obsecro
1224 3433 1256 3481 te,
1267 3423 1383 3481 Sccretes,
1394 3439 1428 3473 ne

322 3501 389 3551 eiiter
399 3504 480 3562 incise,
497 3521 537 3562 ne,
548 3508 746 3571 quemedmodnm
758 3523 832 3565 nunc,
848 3509 880 3556 ite
891 3515 916 3556 et
927 3509 1025 3571 posthec
1035 3521 1113 3555 ccrsm
1124 3506 1197 3571 Lysis
1208 3505 1338 3567 ceterisque
1348 3503 1427 3552 homi-

322 3582 400 3642 nibue,
411 3585 494 3648 pertim
506 3587 601 3650 quidem
613 3588 708 3636 leudem
726 3595 758 3644 te,
775 3589 859 3652 pertim
871 3603 927 3636 reru
947 3587 1076 3652 vituperem
1095 3586 1241 3635 necessesit.
1272 3583 1302 3632 Ei
1313 3599 1427 3648 nemque,

286 3692 288 3700 ‚
322 3664 363 3728 qui
375 3667 478 3714 nondum
497 3668 527 3715 sd
546 3667 654 3717 virtutem
665 3669 695 3716 eit
711 3677 860 3733 provocetur,
872 3669 977 3718 conferre
993 3675 1017 3716 tc
1035 3667 1160 3733 plurimum
1179 3681 1295 3714 eeserem:
1312 3680 1427 3729 persueep

322 3755 400 3794 eutem
417 3756 506 3804 contre,
518 3748 688 3810 impedimento
699 3765 750 3800 esse
767 3757 791 3800 te
809 3752 988 3817 propemodum,
997 3765 1045 3815 quc
1056 3749 1132 3798 minus
1143 3749 1173 3797 ed
1185 3747 1277 3796 virtutis
1287 3745 1357 3795 finem
1370 3761 1428 3811 per·

323 3825 429 3891 seuiene,
440 3829 522 3878 beerus
533 3829 654 3880 efficietur.
