<?xml version="1.0" encoding="UTF-8"?>
<!DOCTYPE html PUBLIC "-//W3C//DTD XHTML 1.0 Transitional//EN"
    "http://www.w3.org/TR/xhtml1/DTD/xhtml1-transitional.dtd">
<html xmlns="http://www.w3.org/1999/xhtml" xml:lang="en" lang="en">
 <head>
  <title>
</title>
<meta http-equiv="Content-Type" content="text/html;charset=utf-8" />
  <meta name='ocr-system' content='tesseract 3.04.00' />
  <meta name='ocr-capabilities' content='ocr_page ocr_carea ocr_par ocr_line ocrx_word'/>
</head>
<body>
  <div class='ocr_page' id='page_1' title='image "./platonisetquaev05bekkgoog_0345.png"; bbox 0 0 3098 5314; ppageno 0'>
   <div class='ocr_carea' id='block_1_1' title="bbox 102 435 1218 569">
    <p class='ocr_par' dir='ltr' id='par_1_1' title="bbox 102 435 1218 569">
     <span class='ocr_line' id='line_1_1' title="bbox 102 435 1218 569; baseline -0.008 -17"><span class='ocrx_word' id='word_1_1' title='bbox 102 435 108 446; x_wconf 27' lang='grc' dir='ltr'><strong><em>ι</em></strong></span> <span class='ocrx_word' id='word_1_2' title='bbox 131 491 204 569; x_wconf 84' lang='grc'><strong>705]</strong></span> <span class='ocrx_word' id='word_1_3' title='bbox 468 491 523 550; x_wconf 84' lang='lat' dir='ltr'>DE</span> <span class='ocrx_word' id='word_1_4' title='bbox 545 483 718 549; x_wconf 81' lang='lat' dir='ltr'><strong>LEGIBUS</strong></span> <span class='ocrx_word' id='word_1_5' title='bbox 747 488 820 551; x_wconf 82' lang='lat' dir='ltr'><strong>LIB.</strong></span> <span class='ocrx_word' id='word_1_6' title='bbox 843 489 895 550; x_wconf 81' lang='lat' dir='ltr'>lv.</span> <span class='ocrx_word' id='word_1_7' title='bbox 1093 477 1097 485; x_wconf 51' lang='grc'><strong>“</strong></span> <span class='ocrx_word' id='word_1_8' title='bbox 1159 485 1218 546; x_wconf 76' lang='lat'>325</span> 
     </span>
    </p>
   </div>
   <div class='ocr_carea' id='block_1_2' title="bbox 129 643 1292 1196">
    <p class='ocr_par' dir='ltr' id='par_1_2' title="bbox 129 643 1292 1196">
     <span class='ocr_line' id='line_1_2' title="bbox 130 643 1292 714; baseline 0.001 -18"><span class='ocrx_word' id='word_1_9' title='bbox 130 646 358 714; x_wconf 53' lang='lat' dir='ltr'>ephorum,</span> <span class='ocrx_word' id='word_1_10' title='bbox 380 643 1218 711; x_wconf 62' lang='lat' dir='ltr'>europaeorumnuneigiuratnitiearmuhanegnein</span> <span class='ocrx_word' id='word_1_11' title='bbox 1289 647 1292 652; x_wconf 82' lang='grc'><strong>’</strong></span> 
     </span>
     <span class='ocr_line' id='line_1_3' title="bbox 131 723 1220 792; baseline 0.003 -16"><span class='ocrx_word' id='word_1_12' title='bbox 131 727 293 792; x_wconf 69' lang='grc' dir='ltr'>μηδωιιιιε</span> <span class='ocrx_word' id='word_1_13' title='bbox 310 723 417 776; x_wconf 68' lang='grc' dir='ltr'>ινΙῙοαὶι</span> <span class='ocrx_word' id='word_1_14' title='bbox 432 725 537 791; x_wconf 77' lang='lat' dir='ltr'>undique</span> <span class='ocrx_word' id='word_1_15' title='bbox 556 725 771 790; x_wconf 64' lang='lat' dir='ltr'>legiunnmuonn</span> <span class='ocrx_word' id='word_1_16' title='bbox 781 725 908 776; x_wconf 84' lang='lat' dir='ltr'>eondamua</span> <span class='ocrx_word' id='word_1_17' title='bbox 928 727 958 776; x_wconf 88' lang='lat' dir='ltr'>ab</span> <span class='ocrx_word' id='word_1_18' title='bbox 968 727 1037 778; x_wconf 83' lang='lat' dir='ltr'>initio</span> <span class='ocrx_word' id='word_1_19' title='bbox 1046 729 1174 778; x_wconf 73' lang='lat' dir='ltr'>diritatem.</span> <span class='ocrx_word' id='word_1_20' title='bbox 1184 729 1220 779; x_wconf 84' lang='lat' dir='ltr'>aie</span> 
     </span>
     <span class='ocr_line' id='line_1_4' title="bbox 129 806 1221 871; baseline 0.003 -14"><span class='ocrx_word' id='word_1_21' title='bbox 129 807 308 863; x_wconf 81' lang='lat' dir='ltr'>enimetiiind,</span> <span class='ocrx_word' id='word_1_22' title='bbox 325 807 389 871; x_wconf 87' lang='lat' dir='ltr'>quod</span> <span class='ocrx_word' id='word_1_23' title='bbox 408 806 505 856; x_wconf 72' lang='lat' dir='ltr'>anobis</span> <span class='ocrx_word' id='word_1_24' title='bbox 523 806 642 871; x_wconf 71' lang='lat' dir='ltr'>queritur.</span> <span class='ocrx_word' id='word_1_25' title='bbox 653 806 791 870; x_wconf 72' lang='lat' dir='ltr'>diiigeutiua</span> <span class='ocrx_word' id='word_1_26' title='bbox 809 807 1002 864; x_wconf 72' lang='lat' dir='ltr'>oona&#39;dmh&#39;tor,</span> <span class='ocrx_word' id='word_1_27' title='bbox 1013 817 1037 862; x_wconf 80' lang='lat' dir='ltr'>et</span> <span class='ocrx_word' id='word_1_28' title='bbox 1057 809 1221 860; x_wconf 79' lang='lat' dir='ltr'>mihiioreitau</span> 
     </span>
     <span class='ocr_line' id='line_1_5' title="bbox 130 887 1219 952; baseline 0.002 -14"><span class='ocrx_word' id='word_1_29' title='bbox 130 887 261 952; x_wconf 77' lang='lat' dir='ltr'>d&#39;upntetio</span> <span class='ocrx_word' id='word_1_30' title='bbox 271 887 457 938; x_wconf 75' lang='lat' dir='ltr'>haeadiumra</span> <span class='ocrx_word' id='word_1_31' title='bbox 472 887 575 938; x_wconf 78' lang='lat' dir='ltr'>civitatia</span> <span class='ocrx_word' id='word_1_32' title='bbox 592 888 790 938; x_wconf 74' lang='lat' dir='ltr'>contitutionem.</span> <span class='ocrx_word' id='word_1_33' title='bbox 801 889 915 938; x_wconf 72' lang='lat' dir='ltr'>enataret.</span> <span class='ocrx_word' id='word_1_34' title='bbox 947 889 1050 940; x_wconf 72' lang='lat' dir='ltr'>Annae.</span> <span class='ocrx_word' id='word_1_35' title='bbox 1065 891 1124 940; x_wconf 84' lang='lat' dir='ltr'>Non</span> <span class='ocrx_word' id='word_1_36' title='bbox 1131 891 1219 940; x_wconf 80' lang='lat' dir='ltr'>bellura</span> 
     </span>
     <span class='ocr_line' id='line_1_6' title="bbox 129 968 1222 1036; baseline 0.002 -18"><span class='ocrx_word' id='word_1_37' title='bbox 129 969 253 1024; x_wconf 58' lang='lat' dir='ltr'>brieno</span> <span class='ocrx_word' id='word_1_38' title='bbox 270 968 356 1019; x_wconf 75' lang='lat' dir='ltr'>clinia.</span> <span class='ocrx_word' id='word_1_39' title='bbox 373 971 454 1034; x_wconf 77' lang='lat' dir='ltr'>quere.</span> <span class='ocrx_word' id='word_1_40' title='bbox 473 969 518 1018; x_wconf 78' lang='lat' dir='ltr'>nin</span> <span class='ocrx_word' id='word_1_41' title='bbox 537 969 564 1017; x_wconf 93' lang='lat' dir='ltr'>id</span> <span class='ocrx_word' id='word_1_42' title='bbox 583 969 694 1032; x_wconf 74' lang='lat' dir='ltr'>Megillo</span> <span class='ocrx_word' id='word_1_43' title='bbox 703 969 949 1027; x_wconf 79' lang='lat' dir='ltr'>incommodum.mee</span> <span class='ocrx_word' id='word_1_44' title='bbox 964 971 1059 1035; x_wconf 85' lang='lat' dir='ltr'>quidem</span> <span class='ocrx_word' id='word_1_45' title='bbox 1077 987 1120 1036; x_wconf 89' lang='lat' dir='ltr'>pro</span> <span class='ocrx_word' id='word_1_46' title='bbox 1135 969 1222 1020; x_wconf 81' lang='lat' dir='ltr'>viribua</span> 
     </span>
     <span class='ocr_line' id='line_1_7' title="bbox 133 1048 1220 1119; baseline 0.003 -19"><span class='ocrx_word' id='word_1_47' title='bbox 133 1051 176 1100; x_wconf 78' lang='lat' dir='ltr'>tibi</span> <span class='ocrx_word' id='word_1_48' title='bbox 193 1057 278 1114; x_wconf 79' lang='lat' dir='ltr'>perata</span> <span class='ocrx_word' id='word_1_49' title='bbox 292 1057 361 1098; x_wconf 60' lang='lat' dir='ltr'>aunt,</span> <span class='ocrx_word' id='word_1_50' title='bbox 389 1049 462 1100; x_wconf 78' lang='lat' dir='ltr'>Mao-</span> <span class='ocrx_word' id='word_1_51' title='bbox 484 1049 561 1098; x_wconf 86' lang='lat' dir='ltr'>Probe</span> <span class='ocrx_word' id='word_1_52' title='bbox 579 1048 646 1100; x_wconf 72' lang='lat' dir='ltr'>dioie</span> <span class='ocrx_word' id='word_1_53' title='bbox 662 1065 707 1114; x_wconf 73' lang='lat' dir='ltr'>eqo</span> <span class='ocrx_word' id='word_1_54' title='bbox 728 1059 934 1116; x_wconf 78' lang='lat' dir='ltr'>qnoqueparatua</span> <span class='ocrx_word' id='word_1_55' title='bbox 950 1067 1009 1102; x_wconf 85' lang='lat' dir='ltr'>auru·</span> <span class='ocrx_word' id='word_1_56' title='bbox 1042 1050 1100 1102; x_wconf 75' lang='lat' dir='ltr'>Cur.</span> <span class='ocrx_word' id='word_1_57' title='bbox 1123 1053 1220 1119; x_wconf 83' lang='lat' dir='ltr'>Optime</span> 
     </span>
     <span class='ocr_line' id='line_1_8' title="bbox 133 1129 1092 1196; baseline 0.002 -16"><span class='ocrx_word' id='word_1_58' title='bbox 133 1131 200 1180; x_wconf 83' lang='lat' dir='ltr'>ambo</span> <span class='ocrx_word' id='word_1_59' title='bbox 218 1129 320 1180; x_wconf 67' lang='lat' dir='ltr'>dixistio.</span> <span class='ocrx_word' id='word_1_60' title='bbox 335 1144 409 1196; x_wconf 78' lang='lat' dir='ltr'>quare</span> <span class='ocrx_word' id='word_1_61' title='bbox 427 1129 562 1180; x_wconf 78' lang='lat' dir='ltr'>uouendum</span> <span class='ocrx_word' id='word_1_62' title='bbox 581 1129 729 1194; x_wconf 72' lang='lat' dir='ltr'>ertpfinun</span> <span class='ocrx_word' id='word_1_63' title='bbox 736 1132 841 1181; x_wconf 85' lang='lat' dir='ltr'>oratioue</span> <span class='ocrx_word' id='word_1_64' title='bbox 852 1132 1092 1182; x_wconf 75' lang='lat' dir='ltr'>dritetenomdere.</span> 
     </span>
    </p>
   </div>
   <div class='ocr_carea' id='block_1_3' title="bbox 597 1411 803 1492">
    <p class='ocr_par' dir='ltr' id='par_1_3' title="bbox 597 1411 803 1492">
     <span class='ocr_line' id='line_1_9' title="bbox 597 1411 803 1492; baseline 0.01 -2"><span class='ocrx_word' id='word_1_65' title='bbox 597 1411 704 1491; x_wconf 89' lang='lat' dir='ltr'><strong>LIB.</strong></span> <span class='ocrx_word' id='word_1_66' title='bbox 733 1413 803 1492; x_wconf 92' lang='lat' dir='ltr'>IV.</span> 
     </span>
    </p>
   </div>
   <div class='ocr_carea' id='block_1_4' title="bbox 16 1645 1226 4623">
    <p class='ocr_par' dir='ltr' id='par_1_4' title="bbox 16 1645 1226 4623">
     <span class='ocr_line' id='line_1_10' title="bbox 135 1645 1221 1714; baseline 0 -16"><span class='ocrx_word' id='word_1_67' title='bbox 135 1645 206 1714; x_wconf 71' lang='grc'><strong>[704]</strong></span> <span class='ocrx_word' id='word_1_68' title='bbox 218 1647 276 1697; x_wconf 80' lang='lat' dir='ltr'>Aur</span> <span class='ocrx_word' id='word_1_69' title='bbox 284 1647 344 1712; x_wconf 85' lang='lat' dir='ltr'>jem,</span> <span class='ocrx_word' id='word_1_70' title='bbox 353 1661 477 1713; x_wconf 86' lang='lat' dir='ltr'>quamnam</span> <span class='ocrx_word' id='word_1_71' title='bbox 487 1647 537 1696; x_wconf 83' lang='lat' dir='ltr'>iore</span> <span class='ocrx_word' id='word_1_72' title='bbox 552 1647 671 1696; x_wconf 79' lang='lat' dir='ltr'>civitatem</span> <span class='ocrx_word' id='word_1_73' title='bbox 691 1647 795 1713; x_wconf 74' lang='lat' dir='ltr'>cogitare</span> <span class='ocrx_word' id='word_1_74' title='bbox 813 1648 944 1698; x_wconf 78' lang='lat' dir='ltr'>debemus?</span> <span class='ocrx_word' id='word_1_75' title='bbox 961 1663 1039 1714; x_wconf 87' lang='lat' dir='ltr'>ueque</span> <span class='ocrx_word' id='word_1_76' title='bbox 1049 1663 1104 1697; x_wconf 85' lang='lat' dir='ltr'>vero</span> <span class='ocrx_word' id='word_1_77' title='bbox 1114 1663 1179 1698; x_wconf 84' lang='lat' dir='ltr'>nuuc</span> <span class='ocrx_word' id='word_1_78' title='bbox 1190 1645 1221 1698; x_wconf 90' lang='lat' dir='ltr'>de</span> 
     </span>
     <span class='ocr_line' id='line_1_11' title="bbox 135 1727 1222 1794; baseline 0.003 -17"><span class='ocrx_word' id='word_1_79' title='bbox 135 1729 242 1793; x_wconf 69' lang='lat' dir='ltr'>presenti</span> <span class='ocrx_word' id='word_1_80' title='bbox 252 1729 304 1794; x_wconf 90' lang='lat' dir='ltr'>ejua</span> <span class='ocrx_word' id='word_1_81' title='bbox 314 1729 409 1778; x_wconf 86' lang='lat' dir='ltr'>nomine</span> <span class='ocrx_word' id='word_1_82' title='bbox 423 1738 464 1777; x_wconf 80' lang='lat' dir='ltr'>ent</span> <span class='ocrx_word' id='word_1_83' title='bbox 474 1727 504 1777; x_wconf 91' lang='lat' dir='ltr'>de</span> <span class='ocrx_word' id='word_1_84' title='bbox 520 1729 597 1778; x_wconf 79' lang='lat' dir='ltr'>futuro</span> <span class='ocrx_word' id='word_1_85' title='bbox 613 1728 737 1794; x_wconf 78' lang='lat' dir='ltr'>interrogo.</span> <span class='ocrx_word' id='word_1_86' title='bbox 754 1731 778 1778; x_wconf 92' lang='lat' dir='ltr'>id</span> <span class='ocrx_word' id='word_1_87' title='bbox 791 1730 854 1778; x_wconf 86' lang='lat' dir='ltr'>enim</span> <span class='ocrx_word' id='word_1_88' title='bbox 872 1730 949 1778; x_wconf 81' lang='lat' dir='ltr'>ioman</span> <span class='ocrx_word' id='word_1_89' title='bbox 967 1738 1008 1778; x_wconf 91' lang='lat' dir='ltr'>aut</span> <span class='ocrx_word' id='word_1_90' title='bbox 1025 1731 1123 1780; x_wconf 79' lang='lat' dir='ltr'>colonie</span> <span class='ocrx_word' id='word_1_91' title='bbox 1141 1739 1222 1780; x_wconf 83' lang='lat' dir='ltr'>ructor</span> 
     </span>
     <span class='ocr_line' id='line_1_12' title="bbox 135 1811 1221 1876; baseline 0.002 -18"><span class='ocrx_word' id='word_1_92' title='bbox 135 1811 247 1858; x_wconf 74' lang='lat' dir='ltr'>dubitant</span> <span class='ocrx_word' id='word_1_93' title='bbox 257 1811 340 1868; x_wconf 86' lang='lat' dir='ltr'>locua;</span> <span class='ocrx_word' id='word_1_94' title='bbox 360 1811 397 1859; x_wconf 83' lang='lat' dir='ltr'>rel</span> <span class='ocrx_word' id='word_1_95' title='bbox 417 1811 490 1858; x_wconf 81' lang='lat' dir='ltr'>etiarn</span> <span class='ocrx_word' id='word_1_96' title='bbox 509 1811 574 1858; x_wconf 86' lang='lat' dir='ltr'>durii</span> <span class='ocrx_word' id='word_1_97' title='bbox 593 1817 634 1858; x_wconf 89' lang='lat' dir='ltr'>aut</span> <span class='ocrx_word' id='word_1_98' title='bbox 650 1811 770 1874; x_wconf 68' lang='lat' dir='ltr'>ioutiaqut</span> <span class='ocrx_word' id='word_1_99' title='bbox 789 1811 905 1866; x_wconf 79' lang='lat' dir='ltr'>Deorum,</span> <span class='ocrx_word' id='word_1_100' title='bbox 922 1813 964 1876; x_wconf 92' lang='lat' dir='ltr'>qui</span> <span class='ocrx_word' id='word_1_101' title='bbox 981 1812 1005 1858; x_wconf 91' lang='lat' dir='ltr'>in</span> <span class='ocrx_word' id='word_1_102' title='bbox 1015 1826 1046 1859; x_wconf 80' lang='lat' dir='ltr'>eu</span> <span class='ocrx_word' id='word_1_103' title='bbox 1053 1811 1148 1874; x_wconf 83' lang='lat' dir='ltr'>regione</span> <span class='ocrx_word' id='word_1_104' title='bbox 1158 1819 1221 1869; x_wconf 86' lang='lat' dir='ltr'>aunt,</span> 
     </span>
     <span class='ocr_line' id='line_1_13' title="bbox 134 1891 1222 1958; baseline 0 -18"><span class='ocrx_word' id='word_1_105' title='bbox 134 1891 230 1957; x_wconf 75' lang='lat' dir='ltr'>alicujus</span> <span class='ocrx_word' id='word_1_106' title='bbox 249 1891 368 1940; x_wconf 70' lang='lat' dir='ltr'>uirtutem</span> <span class='ocrx_word' id='word_1_107' title='bbox 389 1905 473 1940; x_wconf 79' lang='lat' dir='ltr'>noram</span> <span class='ocrx_word' id='word_1_108' title='bbox 498 1907 540 1939; x_wconf 85' lang='lat' dir='ltr'>auo</span> <span class='ocrx_word' id='word_1_109' title='bbox 564 1893 704 1954; x_wconf 80' lang='lat' dir='ltr'>cognomine</span> <span class='ocrx_word' id='word_1_110' title='bbox 723 1891 878 1956; x_wconf 83' lang='lat' dir='ltr'>nuncupabit.</span> <span class='ocrx_word' id='word_1_111' title='bbox 901 1891 943 1940; x_wconf 79' lang='lat' dir='ltr'>red</span> <span class='ocrx_word' id='word_1_112' title='bbox 961 1891 1020 1940; x_wconf 88' lang='lat' dir='ltr'>illud</span> <span class='ocrx_word' id='word_1_113' title='bbox 1036 1891 1114 1958; x_wconf 75' lang='lat' dir='ltr'>potius</span> <span class='ocrx_word' id='word_1_114' title='bbox 1135 1908 1222 1956; x_wconf 79' lang='lat' dir='ltr'>quaero,</span> 
     </span>
     <span class='ocr_line' id='line_1_14' title="bbox 135 1971 1223 2036; baseline 0.001 -17"><span class='ocrx_word' id='word_1_115' title='bbox 135 1981 212 2020; x_wconf 76' lang='lat' dir='ltr'>nuum</span> <span class='ocrx_word' id='word_1_116' title='bbox 222 1971 393 2021; x_wconf 79' lang='lat' dir='ltr'>maritimaerit</span> <span class='ocrx_word' id='word_1_117' title='bbox 410 1987 440 2020; x_wconf 85' lang='lat' dir='ltr'>au</span> <span class='ocrx_word' id='word_1_118' title='bbox 458 1972 657 2022; x_wconf 64' lang='lat' dir='ltr'>mediterraneae</span> <span class='ocrx_word' id='word_1_119' title='bbox 682 1973 739 2023; x_wconf 83' lang='lat' dir='ltr'>Cur.</span> <span class='ocrx_word' id='word_1_120' title='bbox 756 1973 837 2022; x_wconf 76' lang='lat' dir='ltr'>Distat</span> <span class='ocrx_word' id='word_1_121' title='bbox 851 1973 908 2029; x_wconf 82' lang='lat' dir='ltr'>iere,</span> <span class='ocrx_word' id='word_1_122' title='bbox 918 1973 1035 2036; x_wconf 79' lang='lat' dir='ltr'>houpea,a</span> <span class='ocrx_word' id='word_1_123' title='bbox 1051 1973 1108 2020; x_wconf 81' lang='lat' dir='ltr'>mari</span> <span class='ocrx_word' id='word_1_124' title='bbox 1120 1973 1179 2029; x_wconf 80' lang='lat' dir='ltr'>haeo,</span> <span class='ocrx_word' id='word_1_125' title='bbox 1191 1973 1223 2020; x_wconf 89' lang='lat' dir='ltr'>de</span> 
     </span>
     <span class='ocr_line' id='line_1_15' title="bbox 134 2039 1222 2117; baseline 0.001 -17"><span class='ocrx_word' id='word_1_126' title='bbox 134 2067 181 2117; x_wconf 81' lang='lat' dir='ltr'>qua</span> <span class='ocrx_word' id='word_1_127' title='bbox 191 2051 314 2115; x_wconf 72' lang='lat' dir='ltr'>loquimur,</span> <span class='ocrx_word' id='word_1_128' title='bbox 325 2051 416 2109; x_wconf 58' lang='lat' dir='ltr'>civitm</span> <span class='ocrx_word' id='word_1_129' title='bbox 434 2053 516 2101; x_wconf 74' lang='lat' dir='ltr'>etediia</span> <span class='ocrx_word' id='word_1_130' title='bbox 533 2054 661 2117; x_wconf 72' lang='lat' dir='ltr'>octoginta.</span> <span class='ocrx_word' id='word_1_131' title='bbox 693 2055 797 2103; x_wconf 74' lang='lat' dir='ltr'>Annam.</span> <span class='ocrx_word' id='word_1_132' title='bbox 814 2053 899 2103; x_wconf 83' lang='lat' dir='ltr'>Portua</span> <span class='ocrx_word' id='word_1_133' title='bbox 917 2069 972 2102; x_wconf 86' lang='lat' dir='ltr'>reru</span> <span class='ocrx_word' id='word_1_134' title='bbox 984 2039 1070 2101; x_wconf 79' lang='lat' dir='ltr'>aunitne</span> <span class='ocrx_word' id='word_1_135' title='bbox 1081 2053 1174 2117; x_wconf 85' lang='lat' dir='ltr'>prope?</span> <span class='ocrx_word' id='word_1_136' title='bbox 1192 2067 1222 2101; x_wconf 76' lang='lat' dir='ltr'>au</span> 
     </span>
     <span class='ocr_line' id='line_1_16' title="bbox 135 2131 1223 2198; baseline 0 -18"><span class='ocrx_word' id='word_1_137' title='bbox 135 2147 196 2181; x_wconf 79' lang='lat' dir='ltr'>mere</span> <span class='ocrx_word' id='word_1_138' title='bbox 214 2131 275 2182; x_wconf 86' lang='lat' dir='ltr'>iilud</span> <span class='ocrx_word' id='word_1_139' title='bbox 295 2131 390 2198; x_wconf 87' lang='lat' dir='ltr'>penitua</span> <span class='ocrx_word' id='word_1_140' title='bbox 411 2133 598 2198; x_wconf 73' lang='lat' dir='ltr'>importuosum?</span> <span class='ocrx_word' id='word_1_141' title='bbox 631 2133 690 2183; x_wconf 80' lang='lat' dir='ltr'>Cur.</span> <span class='ocrx_word' id='word_1_142' title='bbox 707 2135 823 2184; x_wconf 82' lang='lat' dir='ltr'>Portuoaa</span> <span class='ocrx_word' id='word_1_143' title='bbox 840 2143 885 2192; x_wconf 79' lang='lat' dir='ltr'>ert,</span> <span class='ocrx_word' id='word_1_144' title='bbox 900 2136 994 2198; x_wconf 79' lang='lat' dir='ltr'>hesper,</span> <span class='ocrx_word' id='word_1_145' title='bbox 1008 2149 1037 2183; x_wconf 78' lang='lat' dir='ltr'>ee</span> <span class='ocrx_word' id='word_1_146' title='bbox 1058 2133 1129 2198; x_wconf 82' lang='lat' dir='ltr'>regio,</span> <span class='ocrx_word' id='word_1_147' title='bbox 1152 2147 1223 2198; x_wconf 87' lang='lat' dir='ltr'>quam</span> 
     </span>
     <span class='ocr_line' id='line_1_17' title="bbox 134 2213 1223 2281; baseline 0 -19"><span class='ocrx_word' id='word_1_148' title='bbox 134 2215 233 2263; x_wconf 77' lang='lat' dir='ltr'>manime</span> <span class='ocrx_word' id='word_1_149' title='bbox 251 2213 302 2263; x_wconf 78' lang='lat' dir='ltr'>fieri</span> <span class='ocrx_word' id='word_1_150' title='bbox 321 2221 408 2278; x_wconf 72' lang='lat' dir='ltr'>potent</span> <span class='ocrx_word' id='word_1_151' title='bbox 441 2214 545 2264; x_wconf 78' lang='lat' dir='ltr'>Aruau.</span> <span class='ocrx_word' id='word_1_152' title='bbox 563 2215 626 2273; x_wconf 85' lang='lat' dir='ltr'>Heu,</span> <span class='ocrx_word' id='word_1_153' title='bbox 642 2217 699 2281; x_wconf 88' lang='lat' dir='ltr'>quid</span> <span class='ocrx_word' id='word_1_154' title='bbox 720 2215 773 2264; x_wconf 88' lang='lat' dir='ltr'>aia?</span> <span class='ocrx_word' id='word_1_155' title='bbox 790 2231 845 2280; x_wconf 76' lang='lat' dir='ltr'>ager</span> <span class='ocrx_word' id='word_1_156' title='bbox 861 2223 940 2264; x_wconf 84' lang='lat' dir='ltr'>autern</span> <span class='ocrx_word' id='word_1_157' title='bbox 956 2216 997 2264; x_wconf 86' lang='lat' dir='ltr'>ille</span> <span class='ocrx_word' id='word_1_158' title='bbox 1017 2215 1062 2262; x_wconf 79' lang='lat' dir='ltr'>fert</span> <span class='ocrx_word' id='word_1_159' title='bbox 1076 2215 1176 2263; x_wconf 81' lang='lat' dir='ltr'>omnia?</span> <span class='ocrx_word' id='word_1_160' title='bbox 1192 2227 1223 2262; x_wconf 83' lang='lat' dir='ltr'>au</span> 
     </span>
     <span class='ocr_line' id='line_1_18' title="bbox 134 2293 1223 2360; baseline 0 -18"><span class='ocrx_word' id='word_1_161' title='bbox 134 2293 267 2357; x_wconf 81' lang='lat' dir='ltr'>aliquorum</span> <span class='ocrx_word' id='word_1_162' title='bbox 285 2293 400 2358; x_wconf 79' lang='lat' dir='ltr'>indigue?</span> <span class='ocrx_word' id='word_1_163' title='bbox 433 2293 490 2344; x_wconf 79' lang='lat' dir='ltr'>Cur.</span> <span class='ocrx_word' id='word_1_164' title='bbox 506 2293 560 2344; x_wconf 81' lang='lat' dir='ltr'>Fert</span> <span class='ocrx_word' id='word_1_165' title='bbox 578 2311 647 2360; x_wconf 74' lang='lat' dir='ltr'>piene</span> <span class='ocrx_word' id='word_1_166' title='bbox 665 2297 752 2346; x_wconf 87' lang='lat' dir='ltr'>omnia.</span> <span class='ocrx_word' id='word_1_167' title='bbox 786 2295 888 2346; x_wconf 71' lang='lat' dir='ltr'>Arriam.</span> <span class='ocrx_word' id='word_1_168' title='bbox 904 2295 1061 2346; x_wconf 85' lang='lat' dir='ltr'>Ciritaarero</span> <span class='ocrx_word' id='word_1_169' title='bbox 1073 2293 1223 2360; x_wconf 81' lang='lat' dir='ltr'>aliquaneiiii</span> 
     </span>
     <span class='ocr_line' id='line_1_19' title="bbox 132 2373 1224 2442; baseline 0 -19"><span class='ocrx_word' id='word_1_170' title='bbox 132 2375 261 2438; x_wconf 78' lang='lat' dir='ltr'>proxima?</span> <span class='ocrx_word' id='word_1_171' title='bbox 293 2373 350 2423; x_wconf 82' lang='lat' dir='ltr'>Cur.</span> <span class='ocrx_word' id='word_1_172' title='bbox 365 2374 422 2424; x_wconf 77' lang='lat' dir='ltr'>Non</span> <span class='ocrx_word' id='word_1_173' title='bbox 430 2375 499 2424; x_wconf 79' lang='lat' dir='ltr'>vaide</span> <span class='ocrx_word' id='word_1_174' title='bbox 513 2394 518 2423; x_wconf 90' lang='lat'>:</span> <span class='ocrx_word' id='word_1_175' title='bbox 536 2385 607 2442; x_wconf 87' lang='lat' dir='ltr'>atque</span> <span class='ocrx_word' id='word_1_176' title='bbox 618 2377 704 2428; x_wconf 85' lang='lat' dir='ltr'>iccirco</span> <span class='ocrx_word' id='word_1_177' title='bbox 722 2378 866 2427; x_wconf 70' lang='lat' dir='ltr'>habitatores</span> <span class='ocrx_word' id='word_1_178' title='bbox 876 2375 932 2426; x_wconf 84' lang='lat' dir='ltr'>illuc</span> <span class='ocrx_word' id='word_1_179' title='bbox 942 2377 1074 2426; x_wconf 82' lang='lat' dir='ltr'>conducere</span> <span class='ocrx_word' id='word_1_180' title='bbox 1086 2376 1224 2439; x_wconf 75' lang='lat' dir='ltr'>cogitamus.</span> 
     </span>
     <span class='ocr_line' id='line_1_20' title="bbox 133 2455 1224 2524; baseline 0 -20"><span class='ocrx_word' id='word_1_181' title='bbox 133 2455 213 2519; x_wconf 84' lang='lat' dir='ltr'>priaoa</span> <span class='ocrx_word' id='word_1_182' title='bbox 223 2455 287 2503; x_wconf 87' lang='lat' dir='ltr'>enim</span> <span class='ocrx_word' id='word_1_183' title='bbox 298 2457 395 2519; x_wconf 76' lang='lat' dir='ltr'>quedam</span> <span class='ocrx_word' id='word_1_184' title='bbox 415 2457 534 2506; x_wconf 88' lang='lat' dir='ltr'>hominnm</span> <span class='ocrx_word' id='word_1_185' title='bbox 546 2459 602 2507; x_wconf 88' lang='lat' dir='ltr'>inde</span> <span class='ocrx_word' id='word_1_186' title='bbox 613 2459 676 2508; x_wconf 81' lang='lat' dir='ltr'>iacta</span> <span class='ocrx_word' id='word_1_187' title='bbox 686 2459 845 2524; x_wconf 75' lang='lat' dir='ltr'>propulsione,</span> <span class='ocrx_word' id='word_1_188' title='bbox 862 2473 947 2522; x_wconf 77' lang='lat' dir='ltr'>magno</span> <span class='ocrx_word' id='word_1_189' title='bbox 957 2456 1068 2521; x_wconf 69' lang='lat' dir='ltr'>temporis</span> <span class='ocrx_word' id='word_1_190' title='bbox 1076 2455 1153 2519; x_wconf 77' lang='lat' dir='ltr'>aperio</span> <span class='ocrx_word' id='word_1_191' title='bbox 1158 2457 1224 2522; x_wconf 86' lang='lat' dir='ltr'>jacet</span> 
     </span>
     <span class='ocr_line' id='line_1_21' title="bbox 132 2533 1223 2604; baseline 0.003 -21"><span class='ocrx_word' id='word_1_192' title='bbox 132 2533 324 2600; x_wconf 75' lang='lat' dir='ltr'>regiodeaoieta.</span> <span class='ocrx_word' id='word_1_193' title='bbox 355 2537 455 2587; x_wconf 74' lang='lat' dir='ltr'>Arnai«.</span> <span class='ocrx_word' id='word_1_194' title='bbox 472 2537 558 2596; x_wconf 86' lang='lat' dir='ltr'>Quoad</span> <span class='ocrx_word' id='word_1_195' title='bbox 576 2554 672 2604; x_wconf 84' lang='lat' dir='ltr'>eampoa</span> <span class='ocrx_word' id='word_1_196' title='bbox 690 2547 770 2589; x_wconf 85' lang='lat' dir='ltr'>autem</span> <span class='ocrx_word' id='word_1_197' title='bbox 786 2551 924 2603; x_wconf 80' lang='lat' dir='ltr'>montesque</span> <span class='ocrx_word' id='word_1_198' title='bbox 942 2545 967 2586; x_wconf 91' lang='lat' dir='ltr'>et</span> <span class='ocrx_word' id='word_1_199' title='bbox 977 2538 1047 2586; x_wconf 77' lang='lat' dir='ltr'>eilvae</span> <span class='ocrx_word' id='word_1_200' title='bbox 1055 2537 1165 2602; x_wconf 82' lang='lat' dir='ltr'>pertinet,</span> <span class='ocrx_word' id='word_1_201' title='bbox 1175 2553 1223 2602; x_wconf 91' lang='lat' dir='ltr'>quo</span> 
     </span>
     <span class='ocr_line' id='line_1_22' title="bbox 134 2616 1224 2687; baseline 0.004 -21"><span class='ocrx_word' id='word_1_202' title='bbox 134 2623 204 2681; x_wconf 79' lang='lat' dir='ltr'>pecto</span> <span class='ocrx_word' id='word_1_203' title='bbox 223 2616 337 2682; x_wconf 80' lang='lat' dir='ltr'>diapoaite</span> <span class='ocrx_word' id='word_1_204' title='bbox 356 2617 415 2666; x_wconf 86' lang='lat' dir='ltr'>eat?</span> <span class='ocrx_word' id='word_1_205' title='bbox 448 2618 611 2668; x_wconf 70' lang='lat' dir='ltr'>consimili·</span> <span class='ocrx_word' id='word_1_206' title='bbox 632 2629 669 2669; x_wconf 88' lang='lat' dir='ltr'>eat</span> <span class='ocrx_word' id='word_1_207' title='bbox 687 2621 784 2687; x_wconf 55' lang='lat' dir='ltr'>relti</span> <span class='ocrx_word' id='word_1_208' title='bbox 805 2619 876 2669; x_wconf 88' lang='lat' dir='ltr'>totiua</span> <span class='ocrx_word' id='word_1_209' title='bbox 892 2619 970 2669; x_wconf 72' lang='lat' dir='ltr'>Creta</span> <span class='ocrx_word' id='word_1_210' title='bbox 991 2625 1087 2666; x_wconf 79' lang='lat' dir='ltr'>noturae.</span> <span class='ocrx_word' id='word_1_211' title='bbox 1120 2619 1224 2670; x_wconf 70' lang='lat' dir='ltr'>arnan.</span> 
     </span>
     <span class='ocr_line' id='line_1_23' title="bbox 134 2694 1225 2764; baseline 0.002 -21"><span class='ocrx_word' id='word_1_212' title='bbox 134 2694 251 2760; x_wconf 73' lang='lat' dir='ltr'>Asperum</span> <span class='ocrx_word' id='word_1_213' title='bbox 266 2697 340 2760; x_wconf 73' lang='lat' dir='ltr'>igitur</span> <span class='ocrx_word' id='word_1_214' title='bbox 354 2697 430 2762; x_wconf 75' lang='lat' dir='ltr'>ipram</span> <span class='ocrx_word' id='word_1_215' title='bbox 446 2697 525 2763; x_wconf 86' lang='lat' dir='ltr'>potina</span> <span class='ocrx_word' id='word_1_216' title='bbox 541 2707 567 2748; x_wconf 89' lang='lat' dir='ltr'>et</span> <span class='ocrx_word' id='word_1_217' title='bbox 582 2699 713 2749; x_wconf 81' lang='lat' dir='ltr'>ailrertrum</span> <span class='ocrx_word' id='word_1_218' title='bbox 732 2715 802 2764; x_wconf 86' lang='lat' dir='ltr'>quarn</span> <span class='ocrx_word' id='word_1_219' title='bbox 819 2705 972 2762; x_wconf 86' lang='lat' dir='ltr'>campeatrem</span> <span class='ocrx_word' id='word_1_220' title='bbox 990 2713 1041 2745; x_wconf 84' lang='lat' dir='ltr'>erae</span> <span class='ocrx_word' id='word_1_221' title='bbox 1052 2697 1133 2745; x_wconf 88' lang='lat' dir='ltr'>dicia?</span> <span class='ocrx_word' id='word_1_222' title='bbox 1167 2697 1225 2747; x_wconf 80' lang='lat' dir='ltr'>Car.</span> 
     </span>
     <span class='ocr_line' id='line_1_24' title="bbox 133 2775 1224 2846; baseline 0 -20"><span class='ocrx_word' id='word_1_223' title='bbox 133 2775 179 2826; x_wconf 75' lang='lat' dir='ltr'>aio</span> <span class='ocrx_word' id='word_1_224' title='bbox 198 2777 318 2842; x_wconf 88' lang='lat' dir='ltr'>equidem.</span> <span class='ocrx_word' id='word_1_225' title='bbox 350 2778 453 2828; x_wconf 70' lang='lat' dir='ltr'>Aruns.</span> <span class='ocrx_word' id='word_1_226' title='bbox 478 2779 535 2828; x_wconf 87' lang='lat' dir='ltr'>Nou</span> <span class='ocrx_word' id='word_1_227' title='bbox 551 2789 589 2829; x_wconf 85' lang='lat' dir='ltr'>eat</span> <span class='ocrx_word' id='word_1_228' title='bbox 610 2781 681 2846; x_wconf 74' lang='lat' dir='ltr'>igitur</span> <span class='ocrx_word' id='word_1_229' title='bbox 701 2781 732 2828; x_wconf 95' lang='lat' dir='ltr'>ad</span> <span class='ocrx_word' id='word_1_230' title='bbox 752 2781 922 2844; x_wconf 84' lang='lat' dir='ltr'>acquirendam</span> <span class='ocrx_word' id='word_1_231' title='bbox 941 2777 1051 2826; x_wconf 86' lang='lat' dir='ltr'>virtutem</span> <span class='ocrx_word' id='word_1_232' title='bbox 1069 2779 1224 2826; x_wconf 80' lang='lat' dir='ltr'>incommode.</span> 
     </span>
     <span class='ocr_line' id='line_1_25' title="bbox 134 2851 1225 2924; baseline 0 -18"><span class='ocrx_word' id='word_1_233' title='bbox 134 2873 190 2906; x_wconf 83' lang='lat' dir='ltr'>uam</span> <span class='ocrx_word' id='word_1_234' title='bbox 206 2857 225 2906; x_wconf 83' lang='lat' dir='ltr'>ri</span> <span class='ocrx_word' id='word_1_235' title='bbox 243 2859 299 2906; x_wconf 87' lang='lat' dir='ltr'>mari</span> <span class='ocrx_word' id='word_1_236' title='bbox 317 2859 422 2924; x_wconf 83' lang='lat' dir='ltr'>proxima</span> <span class='ocrx_word' id='word_1_237' title='bbox 438 2867 501 2908; x_wconf 80' lang='lat' dir='ltr'>emet</span> <span class='ocrx_word' id='word_1_238' title='bbox 519 2867 544 2908; x_wconf 85' lang='lat' dir='ltr'>et</span> <span class='ocrx_word' id='word_1_239' title='bbox 563 2869 682 2924; x_wconf 88' lang='lat' dir='ltr'>portnoaa,</span> <span class='ocrx_word' id='word_1_240' title='bbox 693 2877 738 2910; x_wconf 85' lang='lat' dir='ltr'>neo</span> <span class='ocrx_word' id='word_1_241' title='bbox 757 2862 829 2910; x_wconf 77' lang='lat' dir='ltr'>ferret</span> <span class='ocrx_word' id='word_1_242' title='bbox 850 2861 938 2918; x_wconf 85' lang='lat' dir='ltr'>omnia,</span> <span class='ocrx_word' id='word_1_243' title='bbox 955 2851 998 2908; x_wconf 85' lang='lat' dir='ltr'>aed</span> <span class='ocrx_word' id='word_1_244' title='bbox 1013 2861 1225 2907; x_wconf 79' lang='lat' dir='ltr'>multurumrerunn</span> 
     </span>
     <span class='ocr_line' id='line_1_26' title="bbox 134 2939 1224 3006; baseline 0.002 -20"><span class='ocrx_word' id='word_1_245' title='bbox 134 2949 221 3002; x_wconf 76' lang='lat' dir='ltr'>egeret,</span> <span class='ocrx_word' id='word_1_246' title='bbox 239 2939 338 2987; x_wconf 84' lang='lat' dir='ltr'>marimo</span> <span class='ocrx_word' id='word_1_247' title='bbox 357 2939 402 2987; x_wconf 79' lang='lat' dir='ltr'>eibi</span> <span class='ocrx_word' id='word_1_248' title='bbox 421 2939 504 2988; x_wconf 82' lang='lat' dir='ltr'>aeintia</span> <span class='ocrx_word' id='word_1_249' title='bbox 518 2940 643 2989; x_wconf 74' lang='lat' dir='ltr'>fundatore</span> <span class='ocrx_word' id='word_1_250' title='bbox 665 2957 725 3006; x_wconf 79' lang='lat' dir='ltr'>opor</span> <span class='ocrx_word' id='word_1_251' title='bbox 744 2949 807 2990; x_wconf 85' lang='lat' dir='ltr'>eaaet</span> <span class='ocrx_word' id='word_1_252' title='bbox 826 2940 958 3004; x_wconf 81' lang='lat' dir='ltr'>divinisque</span> <span class='ocrx_word' id='word_1_253' title='bbox 974 2939 1174 3004; x_wconf 74' lang='lat' dir='ltr'>legumlatoribus,</span> <span class='ocrx_word' id='word_1_254' title='bbox 1192 2953 1224 2988; x_wconf 87' lang='lat' dir='ltr'>ne</span> 
     </span>
     <span class='ocr_line' id='line_1_27' title="bbox 135 3019 1225 3088; baseline 0 -20"><span class='ocrx_word' id='word_1_255' title='bbox 135 3021 220 3068; x_wconf 83' lang='lat' dir='ltr'>muitua</span> <span class='ocrx_word' id='word_1_256' title='bbox 230 3033 258 3068; x_wconf 74' lang='lat' dir='ltr'>eo</span> <span class='ocrx_word' id='word_1_257' title='bbox 273 3019 348 3068; x_wconf 81' lang='lat' dir='ltr'>rnrioa</span> <span class='ocrx_word' id='word_1_258' title='bbox 365 3035 440 3068; x_wconf 82' lang='lat' dir='ltr'>morer</span> <span class='ocrx_word' id='word_1_259' title='bbox 460 3021 576 3086; x_wconf 88' lang='lat' dir='ltr'>aimulque</span> <span class='ocrx_word' id='word_1_260' title='bbox 591 3037 677 3088; x_wconf 86' lang='lat' dir='ltr'>pravoa</span> <span class='ocrx_word' id='word_1_261' title='bbox 692 3021 827 3088; x_wconf 78' lang='lat' dir='ltr'>hujusmodi</span> <span class='ocrx_word' id='word_1_262' title='bbox 845 3021 949 3088; x_wconf 72' lang='lat' dir='ltr'>regionis</span> <span class='ocrx_word' id='word_1_263' title='bbox 968 3027 1055 3070; x_wconf 75' lang='lat' dir='ltr'>natura</span> <span class='ocrx_word' id='word_1_264' title='bbox 1071 3022 1225 3070; x_wconf 82' lang='lat' dir='ltr'>contraheret.</span> 
     </span>
     <span class='ocr_line' id='line_1_28' title="bbox 135 3099 1225 3166; baseline 0 -18"><span class='ocrx_word' id='word_1_265' title='bbox 135 3113 262 3149; x_wconf 80' lang='lat' dir='ltr'>nnnevero</span> <span class='ocrx_word' id='word_1_266' title='bbox 268 3099 345 3164; x_wconf 80' lang='lat' dir='ltr'>jnrrt,</span> <span class='ocrx_word' id='word_1_267' title='bbox 355 3101 499 3165; x_wconf 82' lang='lat' dir='ltr'>qniaatrdiir</span> <span class='ocrx_word' id='word_1_268' title='bbox 516 3101 636 3166; x_wconf 75' lang='lat' dir='ltr'>octogiuta</span> <span class='ocrx_word' id='word_1_269' title='bbox 649 3110 741 3150; x_wconf 83' lang='lat' dir='ltr'>remota</span> <span class='ocrx_word' id='word_1_270' title='bbox 750 3110 812 3150; x_wconf 82' lang='lat' dir='ltr'>eota</span> <span class='ocrx_word' id='word_1_271' title='bbox 828 3101 886 3149; x_wconf 87' lang='lat' dir='ltr'>meri</span> <span class='ocrx_word' id='word_1_272' title='bbox 899 3118 904 3147; x_wconf 91' lang='lat'><strong>:</strong></span> <span class='ocrx_word' id='word_1_273' title='bbox 922 3099 1074 3164; x_wconf 86' lang='lat' dir='ltr'>propinquior</span> <span class='ocrx_word' id='word_1_274' title='bbox 1081 3109 1145 3148; x_wconf 87' lang='lat' dir='ltr'>certe</span> <span class='ocrx_word' id='word_1_275' title='bbox 1153 3115 1225 3163; x_wconf 79' lang='lat' dir='ltr'>quern</span> 
     </span>
     <span class='ocr_line' id='line_1_29' title="bbox 134 3180 1224 3248; baseline 0.002 -20"><span class='ocrx_word' id='word_1_276' title='bbox 134 3189 228 3246; x_wconf 79' lang='lat' dir='ltr'>oportet</span> <span class='ocrx_word' id='word_1_277' title='bbox 238 3183 343 3240; x_wconf 84' lang='lat' dir='ltr'>mari‚·eu</span> <span class='ocrx_word' id='word_1_278' title='bbox 361 3181 443 3238; x_wconf 81' lang='lat' dir='ltr'>ierrne,</span> <span class='ocrx_word' id='word_1_279' title='bbox 452 3183 517 3246; x_wconf 91' lang='lat' dir='ltr'>quod</span> <span class='ocrx_word' id='word_1_280' title='bbox 533 3183 664 3248; x_wconf 72' lang='lat' dir='ltr'>portuosior</span> <span class='ocrx_word' id='word_1_281' title='bbox 678 3191 724 3240; x_wconf 80' lang='lat' dir='ltr'>eet,</span> <span class='ocrx_word' id='word_1_282' title='bbox 735 3183 814 3232; x_wconf 81' lang='lat' dir='ltr'>uteie.</span> <span class='ocrx_word' id='word_1_283' title='bbox 833 3181 907 3246; x_wconf 72' lang='lat' dir='ltr'>[too]</span> <span class='ocrx_word' id='word_1_284' title='bbox 924 3180 980 3228; x_wconf 80' lang='lat' dir='ltr'>aetia</span> <span class='ocrx_word' id='word_1_285' title='bbox 991 3189 1070 3228; x_wconf 86' lang='lat' dir='ltr'>tamen</span> <span class='ocrx_word' id='word_1_286' title='bbox 1081 3186 1106 3226; x_wconf 91' lang='lat' dir='ltr'>et</span> <span class='ocrx_word' id='word_1_287' title='bbox 1117 3181 1162 3227; x_wconf 85' lang='lat' dir='ltr'>hoc</span> <span class='ocrx_word' id='word_1_288' title='bbox 1172 3195 1224 3230; x_wconf 77' lang='lat' dir='ltr'>eoae</span> 
     </span>
     <span class='ocr_line' id='line_1_30' title="bbox 127 3259 1224 3328; baseline -0.001 -18"><span class='ocrx_word' id='word_1_289' title='bbox 127 3263 238 3310; x_wconf 82' lang='lat' dir='ltr'>¹ridetur.</span> <span class='ocrx_word' id='word_1_290' title='bbox 260 3263 367 3326; x_wconf 65' lang='lat' dir='ltr'>proiemo</span> <span class='ocrx_word' id='word_1_291' title='bbox 387 3277 450 3312; x_wconf 82' lang='lat' dir='ltr'>mere</span> <span class='ocrx_word' id='word_1_292' title='bbox 470 3264 562 3313; x_wconf 85' lang='lat' dir='ltr'>civitati</span> <span class='ocrx_word' id='word_1_293' title='bbox 579 3263 709 3328; x_wconf 80' lang='lat' dir='ltr'>proximum</span> <span class='ocrx_word' id='word_1_294' title='bbox 729 3263 867 3328; x_wconf 72' lang='lat' dir='ltr'>quotidiana</span> <span class='ocrx_word' id='word_1_295' title='bbox 886 3259 988 3326; x_wconf 77' lang='lat' dir='ltr'>quedem</span> <span class='ocrx_word' id='word_1_296' title='bbox 1003 3259 1152 3325; x_wconf 70' lang='lat' dir='ltr'>jucunditate</span> <span class='ocrx_word' id='word_1_297' title='bbox 1170 3275 1224 3310; x_wconf 85' lang='lat' dir='ltr'>eam</span> 
     </span>
     <span class='ocr_line' id='line_1_31' title="bbox 135 3341 1224 3406; baseline 0.002 -16"><span class='ocrx_word' id='word_1_298' title='bbox 135 3341 218 3392; x_wconf 72' lang='lat' dir='ltr'>affluit.</span> <span class='ocrx_word' id='word_1_299' title='bbox 235 3349 391 3394; x_wconf 77' lang='lat' dir='ltr'>verumtamen</span> <span class='ocrx_word' id='word_1_300' title='bbox 403 3345 511 3394; x_wconf 82' lang='lat' dir='ltr'>vicinitar</span> <span class='ocrx_word' id='word_1_301' title='bbox 531 3359 560 3394; x_wconf 85' lang='lat' dir='ltr'>ea</span> <span class='ocrx_word' id='word_1_302' title='bbox 576 3345 673 3393; x_wconf 87' lang='lat' dir='ltr'>nimium</span> <span class='ocrx_word' id='word_1_303' title='bbox 688 3359 769 3393; x_wconf 82' lang='lat' dir='ltr'>revera</span> <span class='ocrx_word' id='word_1_304' title='bbox 784 3345 845 3392; x_wconf 87' lang='lat' dir='ltr'>aalaa</span> <span class='ocrx_word' id='word_1_305' title='bbox 863 3351 900 3392; x_wconf 89' lang='lat' dir='ltr'>eat</span> <span class='ocrx_word' id='word_1_306' title='bbox 917 3349 988 3406; x_wconf 83' lang='lat' dir='ltr'>etque</span> <span class='ocrx_word' id='word_1_307' title='bbox 1003 3355 1088 3388; x_wconf 79' lang='lat' dir='ltr'>amera</span> <span class='ocrx_word' id='word_1_308' title='bbox 1104 3355 1160 3388; x_wconf 85' lang='lat' dir='ltr'>nem</span> <span class='ocrx_word' id='word_1_309' title='bbox 1170 3357 1224 3392; x_wconf 87' lang='lat' dir='ltr'>cunr</span> 
     </span>
     <span class='ocr_line' id='line_1_32' title="bbox 134 3415 1223 3489; baseline 0.001 -18"><span class='ocrx_word' id='word_1_310' title='bbox 134 3423 287 3472; x_wconf 80' lang='lat' dir='ltr'>mereibuaet</span> <span class='ocrx_word' id='word_1_311' title='bbox 296 3425 403 3486; x_wconf 86' lang='lat' dir='ltr'>peonniia</span> <span class='ocrx_word' id='word_1_312' title='bbox 422 3423 578 3489; x_wconf 73' lang='lat' dir='ltr'>cauponando</span> <span class='ocrx_word' id='word_1_313' title='bbox 595 3425 677 3473; x_wconf 68' lang='lat' dir='ltr'>ciritae</span> <span class='ocrx_word' id='word_1_314' title='bbox 691 3425 815 3489; x_wconf 83' lang='lat' dir='ltr'>repleatur,</span> <span class='ocrx_word' id='word_1_315' title='bbox 826 3424 902 3472; x_wconf 85' lang='lat' dir='ltr'>dolori</span> <span class='ocrx_word' id='word_1_316' title='bbox 919 3422 991 3472; x_wconf 87' lang='lat' dir='ltr'>animi</span> <span class='ocrx_word' id='word_1_317' title='bbox 1008 3420 1129 3470; x_wconf 72' lang='lat' dir='ltr'>instabiles</span> <span class='ocrx_word' id='word_1_318' title='bbox 1138 3429 1163 3470; x_wconf 88' lang='lat' dir='ltr'>et</span> <span class='ocrx_word' id='word_1_319' title='bbox 1170 3415 1223 3472; x_wconf 84' lang='lat' dir='ltr'>inii-</span> 
     </span>
     <span class='ocr_line' id='line_1_33' title="bbox 134 3501 1225 3570; baseline 0.002 -19"><span class='ocrx_word' id='word_1_320' title='bbox 134 3501 176 3551; x_wconf 84' lang='lat' dir='ltr'>doe</span> <span class='ocrx_word' id='word_1_321' title='bbox 195 3517 273 3552; x_wconf 82' lang='lat' dir='ltr'>morea</span> <span class='ocrx_word' id='word_1_322' title='bbox 290 3503 369 3567; x_wconf 76' lang='lat' dir='ltr'>perit:</span> <span class='ocrx_word' id='word_1_323' title='bbox 386 3504 450 3552; x_wconf 88' lang='lat' dir='ltr'>unde</span> <span class='ocrx_word' id='word_1_324' title='bbox 469 3521 549 3568; x_wconf 85' lang='lat' dir='ltr'>parum</span> <span class='ocrx_word' id='word_1_325' title='bbox 565 3513 590 3554; x_wconf 90' lang='lat' dir='ltr'>et</span> <span class='ocrx_word' id='word_1_326' title='bbox 605 3505 657 3568; x_wconf 79' lang='lat' dir='ltr'>ipra</span> <span class='ocrx_word' id='word_1_327' title='bbox 674 3505 704 3554; x_wconf 88' lang='lat' dir='ltr'>ad</span> <span class='ocrx_word' id='word_1_328' title='bbox 723 3521 748 3554; x_wconf 88' lang='lat' dir='ltr'>ae</span> <span class='ocrx_word' id='word_1_329' title='bbox 767 3506 843 3570; x_wconf 83' lang='lat' dir='ltr'>ipaem</span> <span class='ocrx_word' id='word_1_330' title='bbox 860 3511 886 3553; x_wconf 89' lang='lat' dir='ltr'>et</span> <span class='ocrx_word' id='word_1_331' title='bbox 903 3505 933 3552; x_wconf 91' lang='lat' dir='ltr'>ad</span> <span class='ocrx_word' id='word_1_332' title='bbox 951 3509 1033 3567; x_wconf 76' lang='lat' dir='ltr'>genter</span> <span class='ocrx_word' id='word_1_333' title='bbox 1052 3501 1188 3551; x_wconf 80' lang='lat' dir='ltr'>aiiaaiidem</span> <span class='ocrx_word' id='word_1_334' title='bbox 1200 3513 1225 3553; x_wconf 89' lang='lat' dir='ltr'>et</span> 
     </span>
     <span class='ocr_line' id='line_1_34' title="bbox 135 3581 1224 3648; baseline 0.003 -16"><span class='ocrx_word' id='word_1_335' title='bbox 135 3583 261 3632; x_wconf 75' lang='lat' dir='ltr'>nnteitim</span> <span class='ocrx_word' id='word_1_336' title='bbox 279 3583 346 3632; x_wconf 80' lang='lat' dir='ltr'>colit.</span> <span class='ocrx_word' id='word_1_337' title='bbox 377 3583 488 3633; x_wconf 76' lang='lat' dir='ltr'>edvereua</span> <span class='ocrx_word' id='word_1_338' title='bbox 507 3585 559 3633; x_wconf 72' lang='lat' dir='ltr'>heo</span> <span class='ocrx_word' id='word_1_339' title='bbox 577 3592 657 3633; x_wconf 84' lang='lat' dir='ltr'>tamen</span> <span class='ocrx_word' id='word_1_340' title='bbox 673 3583 733 3633; x_wconf 83' lang='lat' dir='ltr'>iliud</span> <span class='ocrx_word' id='word_1_341' title='bbox 753 3587 825 3634; x_wconf 87' lang='lat' dir='ltr'>habet</span> <span class='ocrx_word' id='word_1_342' title='bbox 842 3585 980 3640; x_wconf 84' lang='lat' dir='ltr'>remedium,</span> <span class='ocrx_word' id='word_1_343' title='bbox 988 3581 1052 3648; x_wconf 88' lang='lat' dir='ltr'>quod</span> <span class='ocrx_word' id='word_1_344' title='bbox 1072 3585 1152 3631; x_wconf 87' lang='lat' dir='ltr'>omnia</span> <span class='ocrx_word' id='word_1_345' title='bbox 1170 3585 1224 3634; x_wconf 75' lang='lat' dir='ltr'>sert.</span> 
     </span>
     <span class='ocr_line' id='line_1_35' title="bbox 136 3664 1226 3730; baseline 0.002 -18"><span class='ocrx_word' id='word_1_346' title='bbox 136 3677 236 3729; x_wconf 81' lang='lat' dir='ltr'>eumque</span> <span class='ocrx_word' id='word_1_347' title='bbox 246 3665 332 3713; x_wconf 81' lang='lat' dir='ltr'>ailvoaa</span> <span class='ocrx_word' id='word_1_348' title='bbox 342 3665 375 3713; x_wconf 86' lang='lat' dir='ltr'>ait</span> <span class='ocrx_word' id='word_1_349' title='bbox 384 3672 410 3713; x_wconf 90' lang='lat' dir='ltr'>et</span> <span class='ocrx_word' id='word_1_350' title='bbox 420 3681 510 3730; x_wconf 79' lang='lat' dir='ltr'>erpere,</span> <span class='ocrx_word' id='word_1_351' title='bbox 521 3665 579 3715; x_wconf 82' lang='lat' dir='ltr'>licet</span> <span class='ocrx_word' id='word_1_352' title='bbox 587 3667 667 3715; x_wconf 85' lang='lat' dir='ltr'>omnia</span> <span class='ocrx_word' id='word_1_353' title='bbox 685 3667 753 3729; x_wconf 81' lang='lat' dir='ltr'>ierat,</span> <span class='ocrx_word' id='word_1_354' title='bbox 762 3683 811 3715; x_wconf 90' lang='lat' dir='ltr'>nou</span> <span class='ocrx_word' id='word_1_355' title='bbox 830 3675 909 3714; x_wconf 81' lang='lat' dir='ltr'>temen</span> <span class='ocrx_word' id='word_1_356' title='bbox 926 3664 1019 3713; x_wconf 76' lang='lat' dir='ltr'>abunde</span> <span class='ocrx_word' id='word_1_357' title='bbox 1035 3664 1122 3712; x_wconf 78' lang='lat' dir='ltr'>omnia.</span> <span class='ocrx_word' id='word_1_358' title='bbox 1138 3671 1194 3712; x_wconf 69' lang='lat' dir='ltr'>nam</span> <span class='ocrx_word' id='word_1_359' title='bbox 1205 3667 1226 3714; x_wconf 90' lang='lat' dir='ltr'>ai</span> 
     </span>
     <span class='ocr_line' id='line_1_36' title="bbox 133 3744 1223 3811; baseline 0.003 -19"><span class='ocrx_word' id='word_1_360' title='bbox 133 3745 236 3792; x_wconf 69' lang='lat' dir='ltr'>maetad</span> <span class='ocrx_word' id='word_1_361' title='bbox 246 3745 402 3794; x_wconf 71' lang='lat' dir='ltr'>omniafere:</span> <span class='ocrx_word' id='word_1_362' title='bbox 420 3754 491 3811; x_wconf 79' lang='lat' dir='ltr'>etque</span> <span class='ocrx_word' id='word_1_363' title='bbox 507 3746 624 3804; x_wconf 77' lang='lat' dir='ltr'>iucunda,</span> <span class='ocrx_word' id='word_1_364' title='bbox 640 3748 740 3796; x_wconf 86' lang='lat' dir='ltr'>multum</span> <span class='ocrx_word' id='word_1_365' title='bbox 752 3749 803 3796; x_wconf 85' lang='lat' dir='ltr'>euri</span> <span class='ocrx_word' id='word_1_366' title='bbox 819 3755 890 3810; x_wconf 88' lang='lat' dir='ltr'>atque</span> <span class='ocrx_word' id='word_1_367' title='bbox 905 3745 996 3810; x_wconf 79' lang='lat' dir='ltr'>argenti</span> <span class='ocrx_word' id='word_1_368' title='bbox 1013 3759 1044 3792; x_wconf 83' lang='lat' dir='ltr'>ex</span> <span class='ocrx_word' id='word_1_369' title='bbox 1052 3744 1176 3794; x_wconf 72' lang='lat' dir='ltr'>emissione</span> <span class='ocrx_word' id='word_1_370' title='bbox 1186 3761 1223 3795; x_wconf 87' lang='lat' dir='ltr'>re-</span> 
     </span>
     <span class='ocr_line' id='line_1_37' title="bbox 133 3825 1224 3893; baseline 0.005 -21"><span class='ocrx_word' id='word_1_371' title='bbox 133 3837 184 3872; x_wconf 85' lang='lat' dir='ltr'>mm</span> <span class='ocrx_word' id='word_1_372' title='bbox 196 3825 327 3890; x_wconf 72' lang='lat' dir='ltr'>colligeret.</span> <span class='ocrx_word' id='word_1_373' title='bbox 341 3841 389 3890; x_wconf 86' lang='lat' dir='ltr'>que</span> <span class='ocrx_word' id='word_1_374' title='bbox 399 3841 446 3875; x_wconf 84' lang='lat' dir='ltr'>nna</span> <span class='ocrx_word' id='word_1_375' title='bbox 453 3843 478 3876; x_wconf 90' lang='lat' dir='ltr'>re</span> <span class='ocrx_word' id='word_1_376' title='bbox 497 3829 566 3884; x_wconf 83' lang='lat' dir='ltr'>nihii,</span> <span class='ocrx_word' id='word_1_377' title='bbox 584 3837 611 3876; x_wconf 84' lang='lat' dir='ltr'>ut</span> <span class='ocrx_word' id='word_1_378' title='bbox 627 3828 728 3877; x_wconf 77' lang='lat' dir='ltr'>breviter</span> <span class='ocrx_word' id='word_1_379' title='bbox 744 3828 829 3884; x_wconf 85' lang='lat' dir='ltr'>dicum¹</span> <span class='ocrx_word' id='word_1_380' title='bbox 839 3827 995 3893; x_wconf 73' lang='lat' dir='ltr'>perniciosius</span> <span class='ocrx_word' id='word_1_381' title='bbox 1011 3833 1057 3886; x_wconf 82' lang='lat' dir='ltr'>eat,</span> <span class='ocrx_word' id='word_1_382' title='bbox 1067 3825 1088 3874; x_wconf 77' lang='lat' dir='ltr'>ei</span> <span class='ocrx_word' id='word_1_383' title='bbox 1099 3841 1170 3874; x_wconf 87' lang='lat' dir='ltr'>unum</span> <span class='ocrx_word' id='word_1_384' title='bbox 1182 3830 1224 3877; x_wconf 92' lang='lat' dir='ltr'>uni</span> 
     </span>
     <span class='ocr_line' id='line_1_38' title="bbox 136 3905 1224 3973; baseline 0.001 -18"><span class='ocrx_word' id='word_1_385' title='bbox 136 3906 240 3955; x_wconf 74' lang='lat' dir='ltr'>eutem</span> <span class='ocrx_word' id='word_1_386' title='bbox 255 3907 285 3955; x_wconf 88' lang='lat' dir='ltr'>ad</span> <span class='ocrx_word' id='word_1_387' title='bbox 306 3921 433 3972; x_wconf 67' lang='lat' dir='ltr'>generosoa</span> <span class='ocrx_word' id='word_1_388' title='bbox 444 3909 566 3973; x_wconf 77' lang='lat' dir='ltr'>jurtooque</span> <span class='ocrx_word' id='word_1_389' title='bbox 582 3923 668 3965; x_wconf 86' lang='lat' dir='ltr'>merea,</span> <span class='ocrx_word' id='word_1_390' title='bbox 679 3909 741 3957; x_wconf 92' lang='lat' dir='ltr'>utin</span> <span class='ocrx_word' id='word_1_391' title='bbox 758 3909 1027 3972; x_wconf 77' lang='lat' dir='ltr'>superiorihuaquoque,</span> <span class='ocrx_word' id='word_1_392' title='bbox 1039 3905 1224 3965; x_wconf 78' lang='lat' dir='ltr'>aireoordarnur,</span> 
     </span>
     <span class='ocr_line' id='line_1_39' title="bbox 135 3986 1224 4056; baseline 0.003 -21"><span class='ocrx_word' id='word_1_393' title='bbox 135 3993 169 4034; x_wconf 76' lang='lat' dir='ltr'>ent</span> <span class='ocrx_word' id='word_1_394' title='bbox 186 3987 287 4037; x_wconf 81' lang='lat' dir='ltr'>dietum.</span> <span class='ocrx_word' id='word_1_395' title='bbox 320 3988 379 4038; x_wconf 78' lang='lat' dir='ltr'>Cur.</span> <span class='ocrx_word' id='word_1_396' title='bbox 396 3987 557 4039; x_wconf 75' lang='lat' dir='ltr'>Recordemur</span> <span class='ocrx_word' id='word_1_397' title='bbox 576 3991 692 4056; x_wconf 82' lang='lat' dir='ltr'>quidem:</span> <span class='ocrx_word' id='word_1_398' title='bbox 710 3999 736 4038; x_wconf 83' lang='lat' dir='ltr'>et</span> <span class='ocrx_word' id='word_1_399' title='bbox 750 3991 793 4038; x_wconf 87' lang='lat' dir='ltr'>illa</span> <span class='ocrx_word' id='word_1_400' title='bbox 810 3997 876 4044; x_wconf 85' lang='lat' dir='ltr'>tuno,</span> <span class='ocrx_word' id='word_1_401' title='bbox 895 3995 920 4036; x_wconf 90' lang='lat' dir='ltr'>et</span> <span class='ocrx_word' id='word_1_402' title='bbox 935 4001 998 4035; x_wconf 86' lang='lat' dir='ltr'>nune</span> <span class='ocrx_word' id='word_1_403' title='bbox 1014 3986 1061 4034; x_wconf 80' lang='lat' dir='ltr'>ieta</span> <span class='ocrx_word' id='word_1_404' title='bbox 1076 3996 1139 4036; x_wconf 85' lang='lat' dir='ltr'>recte</span> <span class='ocrx_word' id='word_1_405' title='bbox 1159 3989 1224 4038; x_wconf 85' lang='lat' dir='ltr'>diota</span> 
     </span>
     <span class='ocr_line' id='line_1_40' title="bbox 135 4065 1222 4132; baseline -0.001 -14"><span class='ocrx_word' id='word_1_406' title='bbox 135 4070 294 4119; x_wconf 73' lang='lat' dir='ltr'>wueedinrua.</span> <span class='ocrx_word' id='word_1_407' title='bbox 327 4069 432 4122; x_wconf 78' lang='lat' dir='ltr'>Arurrr.</span> <span class='ocrx_word' id='word_1_408' title='bbox 449 4072 552 4120; x_wconf 74' lang='lat' dir='ltr'>Materia</span> <span class='ocrx_word' id='word_1_409' title='bbox 563 4087 618 4120; x_wconf 83' lang='lat' dir='ltr'>reru</span> <span class='ocrx_word' id='word_1_410' title='bbox 627 4073 656 4120; x_wconf 84' lang='lat' dir='ltr'>ad</span> <span class='ocrx_word' id='word_1_411' title='bbox 675 4069 822 4120; x_wconf 81' lang='lat' dir='ltr'>iebrioendaa</span> <span class='ocrx_word' id='word_1_412' title='bbox 840 4083 912 4118; x_wconf 82' lang='lat' dir='ltr'>nerea</span> <span class='ocrx_word' id='word_1_413' title='bbox 922 4065 1029 4132; x_wconf 89' lang='lat' dir='ltr'>uunquid</span> <span class='ocrx_word' id='word_1_414' title='bbox 1042 4067 1092 4116; x_wconf 85' lang='lat' dir='ltr'>illio</span> <span class='ocrx_word' id='word_1_415' title='bbox 1102 4067 1222 4117; x_wconf 77' lang='lat' dir='ltr'>abrmdet?</span> 
     </span>
     <span class='ocr_line' id='line_1_41' title="bbox 125 4143 1224 4216; baseline 0.003 -20"><span class='ocrx_word' id='word_1_416' title='bbox 125 4143 192 4200; x_wconf 72' lang='lat' dir='ltr'>&#39;Cau</span> <span class='ocrx_word' id='word_1_417' title='bbox 209 4149 298 4214; x_wconf 82' lang='lat' dir='ltr'>Neque</span> <span class='ocrx_word' id='word_1_418' title='bbox 315 4149 365 4199; x_wconf 87' lang='lat' dir='ltr'>illio</span> <span class='ocrx_word' id='word_1_419' title='bbox 381 4151 447 4200; x_wconf 77' lang='lat' dir='ltr'>abien</span> <span class='ocrx_word' id='word_1_420' title='bbox 461 4161 498 4200; x_wconf 77' lang='lat' dir='ltr'>eet</span> <span class='ocrx_word' id='word_1_421' title='bbox 507 4153 628 4200; x_wconf 85' lang='lat' dir='ltr'>mentione</span> <span class='ocrx_word' id='word_1_422' title='bbox 646 4151 719 4216; x_wconf 80' lang='lat' dir='ltr'>digna</span> <span class='ocrx_word' id='word_1_423' title='bbox 735 4163 780 4199; x_wconf 87' lang='lat' dir='ltr'>nec</span> <span class='ocrx_word' id='word_1_424' title='bbox 796 4151 862 4198; x_wconf 80' lang='lat' dir='ltr'>uber</span> <span class='ocrx_word' id='word_1_425' title='bbox 869 4149 953 4213; x_wconf 87' lang='lat' dir='ltr'>picea:</span> <span class='ocrx_word' id='word_1_426' title='bbox 972 4148 1076 4213; x_wconf 78' lang='lat' dir='ltr'>cupreaai</span> <span class='ocrx_word' id='word_1_427' title='bbox 1086 4149 1143 4196; x_wconf 87' lang='lat' dir='ltr'>item</span> <span class='ocrx_word' id='word_1_428' title='bbox 1155 4151 1224 4214; x_wconf 89' lang='lat' dir='ltr'>copia</span> 
     </span>
     <span class='ocr_line' id='line_1_42' title="bbox 131 4229 1222 4297; baseline 0.001 -18"><span class='ocrx_word' id='word_1_429' title='bbox 131 4243 216 4293; x_wconf 75' lang='lat' dir='ltr'>perra:</span> <span class='ocrx_word' id='word_1_430' title='bbox 235 4233 368 4297; x_wconf 86' lang='lat' dir='ltr'>pinumque</span> <span class='ocrx_word' id='word_1_431' title='bbox 385 4244 410 4282; x_wconf 85' lang='lat' dir='ltr'>et</span> <span class='ocrx_word' id='word_1_432' title='bbox 427 4233 548 4297; x_wconf 80' lang='lat' dir='ltr'>platanum</span> <span class='ocrx_word' id='word_1_433' title='bbox 564 4233 706 4284; x_wconf 68' lang='lat' dir='ltr'>intereram</span> <span class='ocrx_word' id='word_1_434' title='bbox 722 4231 845 4281; x_wconf 80' lang='lat' dir='ltr'>invenior:</span> <span class='ocrx_word' id='word_1_435' title='bbox 863 4229 947 4296; x_wconf 87' lang='lat' dir='ltr'>quibua</span> <span class='ocrx_word' id='word_1_436' title='bbox 963 4229 1096 4278; x_wconf 65' lang='lat' dir='ltr'>normano</span> <span class='ocrx_word' id='word_1_437' title='bbox 1110 4229 1169 4279; x_wconf 72' lang='lat' dir='ltr'>fabri</span> <span class='ocrx_word' id='word_1_438' title='bbox 1179 4247 1222 4280; x_wconf 87' lang='lat' dir='ltr'>na-</span> 
     </span>
     <span class='ocr_line' id='line_1_43' title="bbox 130 4309 1223 4378; baseline 0.001 -20"><span class='ocrx_word' id='word_1_439' title='bbox 130 4309 194 4359; x_wconf 79' lang='lat' dir='ltr'>vium</span> <span class='ocrx_word' id='word_1_440' title='bbox 205 4311 235 4359; x_wconf 90' lang='lat' dir='ltr'>ad</span> <span class='ocrx_word' id='word_1_441' title='bbox 252 4311 378 4360; x_wconf 71' lang='lat' dir='ltr'>interiore·</span> <span class='ocrx_word' id='word_1_442' title='bbox 389 4314 482 4362; x_wconf 81' lang='lat' dir='ltr'>uarium</span> <span class='ocrx_word' id='word_1_443' title='bbox 498 4321 578 4378; x_wconf 80' lang='lat' dir='ltr'>parter</span> <span class='ocrx_word' id='word_1_444' title='bbox 588 4321 691 4363; x_wconf 89' lang='lat' dir='ltr'>utuntur.</span> <span class='ocrx_word' id='word_1_445' title='bbox 725 4311 828 4362; x_wconf 72' lang='lat' dir='ltr'>Annam.</span> <span class='ocrx_word' id='word_1_446' title='bbox 844 4311 925 4377; x_wconf 80' lang='lat' dir='ltr'>Atque</span> <span class='ocrx_word' id='word_1_447' title='bbox 942 4311 968 4358; x_wconf 85' lang='lat' dir='ltr'>in</span> <span class='ocrx_word' id='word_1_448' title='bbox 977 4309 1095 4358; x_wconf 84' lang='lat' dir='ltr'>hiaetiem</span> <span class='ocrx_word' id='word_1_449' title='bbox 1104 4311 1223 4359; x_wconf 80' lang='lat' dir='ltr'>nonmeie</span> 
     </span>
     <span class='ocr_line' id='line_1_44' title="bbox 128 4390 1223 4458; baseline -0.001 -20"><span class='ocrx_word' id='word_1_450' title='bbox 128 4405 157 4438; x_wconf 86' lang='lat' dir='ltr'>ae</span> <span class='ocrx_word' id='word_1_451' title='bbox 178 4391 250 4440; x_wconf 80' lang='lat' dir='ltr'>habet</span> <span class='ocrx_word' id='word_1_452' title='bbox 276 4391 380 4457; x_wconf 70' lang='lat' dir='ltr'>regionis</span> <span class='ocrx_word' id='word_1_453' title='bbox 405 4395 481 4458; x_wconf 81' lang='lat' dir='ltr'>ipeina</span> <span class='ocrx_word' id='word_1_454' title='bbox 501 4403 594 4446; x_wconf 83' lang='lat' dir='ltr'>natura.</span> <span class='ocrx_word' id='word_1_455' title='bbox 627 4395 686 4445; x_wconf 82' lang='lat' dir='ltr'>Cur.</span> <span class='ocrx_word' id='word_1_456' title='bbox 709 4393 776 4451; x_wconf 86' lang='lat' dir='ltr'>Quid</span> <span class='ocrx_word' id='word_1_457' title='bbox 791 4393 843 4441; x_wconf 78' lang='lat' dir='ltr'>ite?</span> <span class='ocrx_word' id='word_1_458' title='bbox 877 4393 982 4441; x_wconf 73' lang='lat' dir='ltr'>Annam.</span> <span class='ocrx_word' id='word_1_459' title='bbox 1007 4390 1126 4449; x_wconf 86' lang='lat' dir='ltr'>Quoniam</span> <span class='ocrx_word' id='word_1_460' title='bbox 1144 4400 1223 4452; x_wconf 75' lang='lat' dir='ltr'>opere</span> 
     </span>
     <span class='ocr_line' id='line_1_45' title="bbox 16 4465 1221 4539; baseline -0.004 -18"><span class='ocrx_word' id='word_1_461' title='bbox 16 4517 17 4528; x_wconf 67' lang='grc'>,</span> <span class='ocrx_word' id='word_1_462' title='bbox 128 4471 233 4536; x_wconf 84' lang='lat' dir='ltr'>pretinm</span> <span class='ocrx_word' id='word_1_463' title='bbox 243 4481 290 4531; x_wconf 75' lang='lat' dir='ltr'>eet,</span> <span class='ocrx_word' id='word_1_464' title='bbox 300 4483 328 4522; x_wconf 89' lang='lat' dir='ltr'>ut</span> <span class='ocrx_word' id='word_1_465' title='bbox 337 4475 421 4524; x_wconf 72' lang='lat' dir='ltr'>ciritae</span> <span class='ocrx_word' id='word_1_466' title='bbox 431 4474 502 4524; x_wconf 77' lang='lat' dir='ltr'>indie</span> <span class='ocrx_word' id='word_1_467' title='bbox 511 4476 597 4524; x_wconf 87' lang='lat' dir='ltr'>imitari</span> <span class='ocrx_word' id='word_1_468' title='bbox 612 4475 692 4524; x_wconf 71' lang='lat' dir='ltr'>hortm</span> <span class='ocrx_word' id='word_1_469' title='bbox 710 4473 818 4539; x_wconf 85' lang='lat' dir='ltr'>improbe</span> <span class='ocrx_word' id='word_1_470' title='bbox 834 4473 966 4522; x_wconf 75' lang='lat' dir='ltr'>imitatione</span> <span class='ocrx_word' id='word_1_471' title='bbox 982 4485 1031 4519; x_wconf 87' lang='lat' dir='ltr'>non</span> <span class='ocrx_word' id='word_1_472' title='bbox 1046 4469 1128 4533; x_wconf 79' lang='lat' dir='ltr'>poaait.</span> <span class='ocrx_word' id='word_1_473' title='bbox 1162 4465 1221 4517; x_wconf 82' lang='lat' dir='ltr'>Car.</span> 
     </span>
     <span class='ocr_line' id='line_1_46' title="bbox 16 4549 1222 4623; baseline -0.002 -16"><span class='ocrx_word' id='word_1_474' title='bbox 16 4605 17 4622; x_wconf 27' lang='lat' dir='ltr'>q</span> <span class='ocrx_word' id='word_1_475' title='bbox 126 4551 261 4619; x_wconf 73' lang='lat' dir='ltr'>cojorum</span> <span class='ocrx_word' id='word_1_476' title='bbox 279 4571 352 4622; x_wconf 79' lang='lat' dir='ltr'>eupra</span> <span class='ocrx_word' id='word_1_477' title='bbox 372 4556 488 4606; x_wconf 81' lang='lat' dir='ltr'>dictorum</span> <span class='ocrx_word' id='word_1_478' title='bbox 504 4557 651 4623; x_wconf 83' lang='lat' dir='ltr'>petierimuru</span> <span class='ocrx_word' id='word_1_479' title='bbox 667 4554 742 4621; x_wconf 70' lang='lat' dir='ltr'>gretie</span> <span class='ocrx_word' id='word_1_480' title='bbox 759 4556 806 4606; x_wconf 81' lang='lat' dir='ltr'>iata</span> <span class='ocrx_word' id='word_1_481' title='bbox 822 4555 899 4606; x_wconf 80' lang='lat' dir='ltr'>dicia?</span> <span class='ocrx_word' id='word_1_482' title='bbox 933 4551 1036 4600; x_wconf 79' lang='lat' dir='ltr'>Aruarr.</span> <span class='ocrx_word' id='word_1_483' title='bbox 1052 4549 1159 4598; x_wconf 74' lang='lat' dir='ltr'>Observa</span> <span class='ocrx_word' id='word_1_484' title='bbox 1174 4561 1222 4607; x_wconf 79' lang='lat' dir='ltr'>me,</span> 
     </span>
    </p>
   </div>
   <div class='ocr_carea' id='block_1_5' title="bbox 0 0 1554 5314">
    <p class='ocr_par' dir='ltr' id='par_1_5' title="bbox 0 0 1554 5314">
     <span class='ocr_line' id='line_1_47' title="bbox 0 0 1554 5314; baseline 0 0"><span class='ocrx_word' id='word_1_485' title='bbox 0 0 1554 5314; x_wconf 95' lang='lat' dir='ltr'> </span> 
     </span>
    </p>
   </div>
  </div>
 </body>
</html>
