3150 5290
290 527 311 585 2
739 523 938 586 muronrs
1345 520 1399 598 [ιι

292 681 419 732 admodum
429 683 475 747 ipsi
486 690 576 748 gratum
587 689 632 740 cat,
644 679 781 746 slcsppello
792 698 798 728 s
816 680 962 744 voluptatem
974 691 1028 726 reru
1039 676 1126 724 sariam
1137 689 1189 724 ersa
1200 674 1259 724 arlo.
1272 674 1396 740 abesqne,

294 773 322 812 nt
332 763 390 821 disi,
402 765 544 828 principium
556 764 678 825 facientes,
688 778 758 826 quam
770 761 856 808 lrabeat
867 769 982 816 naturam,
993 757 1133 820 investigare
1142 756 1264 806 debemus.
1298 755 1394 806 Etenim

295 853 408 908 qnantum
420 846 450 894 ad
462 845 568 894 auditum
588 845 682 900 attinet,
693 842 830 907 simpliciter
847 857 918 888 unum
938 846 1050 903 apparet:
1068 838 1154 886 formas
1170 845 1248 886 tamen
1260 837 1335 886 varias
1351 839 1395 886 ad·

296 926 401 982 modurn,
411 933 436 974 et
446 925 546 974 invicem
557 925 732 990 quodammodo
744 922 880 983 dissimiles,
891 921 998 984 suscipit.
1031 919 1139 967 Attende
1149 917 1223 975 enim,
1234 918 1346 968 delectari
1357 919 1396 967 di·

296 1005 371 1054 cimus
381 1007 574 1070 intemperantem
586 1005 719 1053 homiuem:
737 1003 849 1052 delectari
861 1002 913 1066 ipsa
924 1000 1078 1064 temperantia
1090 1006 1267 1062 temperantem,
1284 999 1397 1048 delectari

296 1085 445 1149 insipientem
458 1087 622 1152 insipientibus
630 1086 780 1150 opinionibus
791 1099 819 1134 ac
828 1099 889 1132 rana
899 1099 941 1147 spe
957 1082 1063 1145 undique
1072 1081 1167 1144 plenum
1178 1097 1185 1129 ι
1203 1079 1314 1128 delectari
1324 1080 1395 1128 etiarn

297 1167 413 1230 sapientia
424 1167 563 1230 sapientem,
575 1168 616 1215 ltaa
627 1166 710 1231 utique
722 1165 856 1230 voluptates
868 1165 888 1212 si
898 1163 952 1228 quis
962 1163 1087 1211 dissimiles
1098 1169 1178 1224 neget,
1189 1159 1273 1209 merito
1284 1161 1398 1225 insipiens

297 1261 348 1294 esse
366 1246 490 1296 ridebitur.
523 1247 591 1296 Pro.
608 1247 664 1296 lstae
681 1247 789 1312 quidem,
804 1261 819 1293 0
838 1247 955 1301 Socrates,
974 1259 1002 1292 es
1021 1243 1143 1292 contrariis
1159 1242 1228 1290 rebus
1247 1242 1399 1305 proveniunt,

297 1341 375 1390 neque
387 1334 465 1376 tamen
478 1327 576 1376 invicem
589 1328 646 1392 ipsm
658 1327 790 1376 contrarie.
807 1341 886 1374 nonne
898 1325 1026 1388 0010010ιί0
1038 1324 1155 1388 voluptas,
1161 1323 1186 1370 in
1196 1323 1281 1387 quibus
1291 1323 1399 1387 voluptas

298 1414 334 1454 est
345 1406 380 1454 sui
392 1406 474 1472 ipsius,
486 1409 589 1456 omnium
603 1409 701 1457 maxime
710 1408 828 1456 simillima
838 1406 903 1455 erit?
936 1406 979 1454 80.
998 1405 1400 1468 Enimuero,obeate,nequacolor
1473 1451 1478 1458 ,

298 1486 411 1544 scolere,
422 1503 451 1536 ca
469 1504 498 1536 eo
516 1487 580 1553 0000
598 1487 663 1536 color
679 1487 839 1551 uuusquisque
856 1495 901 1544 cat,
912 1485 1005 1535 differte
1022 1493 1125 1533 ettamen
1138 1484 1229 1548 nigrum
1240 1485 1303 1542 albo,
1315 1494 1400 1548 prater

297 1566 323 1613 id
335 1567 399 1630 quod
412 1567 500 1629 differt,
511 1569 582 1616 etiam
601 1567 743 1616 contrarium
759 1583 810 1616 esse
828 1567 928 1614 universi
940 1566 1112 1630 cognoscimus.
1128 1565 1186 1628 quin
1198 1565 1268 1613 etiarn
1280 1564 1353 1628 rigum
1364 1566 1395 1614 ad

300 1645 397 1710 liguram
415 1647 499 1696 eodem
518 1649 589 1694 morlo
607 1663 632 1695 sc
653 1647 732 1702 lrabet,
750 1663 834 1710 genero
852 1663 919 1710 porro
932 1662 1004 1694 unum
1016 1653 1052 1693 est
1063 1645 1209 1694 universnm:
1228 1653 1305 1710 partes
1316 1653 1395 1694 autent

301 1727 393 1789 generis
404 1728 483 1792 hujus,
497 1727 582 1791 partim
590 1727 660 1791 longe
677 1725 735 1791 [la]
753 1727 848 1776 interae
859 1726 1004 1782 differentes,
1016 1725 1100 1790 purtim
1112 1725 1182 1774 etiam
1194 1727 1315 1774 contrarias
1327 1735 1398 1774 sunt:

301 1813 426 1870 ceteraque
442 1806 577 1870 hujusmodi
595 1806 670 1854 multa
688 1806 839 1870 reperiemus.
873 1807 1032 1864 Quamobrem
1049 1805 1097 1854 noli
1108 1807 1163 1854 huie
1174 1806 1267 1864 rationi,
1278 1822 1331 1870 quaa
1342 1822 1403 1855 con·

301 1887 371 1934 traria
381 1886 473 1950 singula
485 1903 556 1934 unum
568 1886 648 1944 edicit,
659 1887 762 1934 credere.
796 1885 885 1934 Vereor
895 1885 967 1944 enim,
980 1902 1009 1934 ne
1021 1887 1080 1934 forte
1093 1887 1225 1951 uoluptates
1235 1887 1348 1951 quasdam
1363 1887 1400 1936 in-

302 1975 338 2015 ter
355 1983 380 2016 sc
397 1967 524 2016 contrarias
544 1968 695 2032 reperiamus.
727 1966 795 2014 Ριιο.
812 1965 889 2013 Forte.
907 1974 932 2014 ιι
948 1967 1005 2030 quid
1022 1967 1068 2015 lroc
1089 1966 1174 2015 rationi
1185 1974 1268 2015 nostras
1279 1969 1400 2016 obstabit?
1479 1987 1483 1996 ’

303 2046 346 2096 80.
363 2047 402 2096 Ob
413 2048 437 2095 id
449 2055 512 2098 certe
523 2049 614 2096 obstare
625 2049 739 2102 dicemus,
751 2045 816 2111 quod
828 2046 889 2110 ipsa,
905 2061 959 2095 cum
977 2046 1100 2096 dissimilis
1117 2048 1174 2105 sint,
1184 2047 1231 2096 sliu
1241 2048 1345 2110 quodum
1356 2063 1403 2096 no-

304 2127 369 2177 mina
379 2144 512 2192 nuncnpas.
527 2129 562 2178 ais
579 2128 651 2184 eninr,
663 2127 795 2191 voluptaria
812 2127 892 2176 omnia
912 2128 974 2176 buna
984 2143 1034 2176 esse
1046 2145 1051 2176 :
1069 2127 1201 2191 voluptaria
1213 2129 1402 2191 0010000000-

304 2209 405 2274 luptaria
422 2210 478 2266 siut,
490 2209 556 2258 nulla
575 2210 684 2273 pmlribet
702 2209 769 2257 ratio.
803 2207 863 2258 Cam
875 2215 961 2256 antero.
971 2225 1000 2258 ea
1014 2208 1043 2256 iis
1062 2209 1135 2256 malta
1152 2207 1200 2256 sint
1217 2209 1287 2264 mala,
1298 2217 1323 2257 et
1339 2210 1404 2258 bono

305 2289 582 2354 00100000,οιοἰοἱ000,
593 2299 618 2338 tu
630 2297 709 2338 tamen
720 2289 799 2338 omnia
810 2289 873 2338 bons
890 2305 1022 2354 nuncupas,
1034 2305 1062 2338 ac
1078 2289 1147 2338 etiarn
1165 2289 1287 2338 dissimilia
1302 2290 1408 2339 insicenr

306 2371 455 2422 confessurus
472 2387 506 2429 es,
525 2371 545 2419 si
564 2371 617 2435 quis
635 2371 748 2435 coegerit.
782 2371 847 2428 Quid
859 2386 914 2436 ergo
933 2372 959 2420 in
975 2371 1068 2420 eunetis
1086 2369 1260 2434 voluptatibus,
1271 2377 1319 2418 tam
1336 2371 1404 2420 maiia

306 2467 378 2516 quam
393 2452 541 2510 bonis,idem
558 2452 713 2500 communiter
728 2452 854 2509 invenitur,
872 2452 942 2516 eujus
959 2453 1033 2516 gratia
1050 2467 1132 2504 omnes
1151 2452 1238 2499 bonam
1258 2452 1404 2515 uanenpasi

308 2532 374 2584 Pro.
391 2531 456 2589 Quid
467 2532 511 2596 ria,
525 2549 539 2580 0
557 2533 685 2582 Socrates?
703 2547 733 2580 sn
751 2539 819 2596 putas
835 2535 981 2598 quempiam,
991 2549 1046 2582 cum
1057 2533 1161 2597 posuerit
1169 2531 1314 2596 voluptatem
1325 2531 1405 2596 ipsum

307 2613 396 2660 bonnm
406 2612 532 2678 asac,in‹le
551 2628 715 2662 concessurum
732 2613 784 2671 tibi,
800 2614 914 2678 quasdam
935 2613 1154 2672 bonaa,nonunllaa
1169 2613 1241 2660 malas
1260 2613 1326 2662 esaei
1359 2613 1404 2664 80.

308 2690 469 2741 Veruntamen
480 2693 606 2742 dissimiles
616 2709 667 2742 esse
678 2694 773 2756 multas,
784 2693 907 2758 plerasque
918 2695 990 2743 etiam
1002 2695 1062 2742 inter
1069 2709 1095 2742 se
1103 2693 1240 2752 contrarias,
1248 2693 1406 2744 confiteberis.

308 2771 375 2822 Pno.
393 2771 465 2822 llaud
483 2789 549 2830 sane,
560 2773 585 2822 in
604 2781 717 2837 qnantum
733 2773 868 2836 voluptates
879 2781 943 2824 sunt.
976 2774 1019 2822 So.
1036 2772 1127 2822 Rursus
1137 2774 1164 2822 in
1175 2774 1237 2822 idem
1248 2774 1406 2832 relabimur,o

309 2851 437 2902 Protarobe
444 2871 452 2914 5
469 2853 576 2902 dicemus
586 2853 731 2919 voluptatem
741 2854 815 2902 nilrilo
826 2855 971 2919 avoluptate
981 2853 1083 2912 differre,
1095 2855 1136 2904 scd
1148 2870 1230 2904 omnes
1245 2853 1290 2902 sibi
1305 2855 1406 2904 ioricam

309 2933 443 2983 consimiles
469 2949 537 2984 esse:
561 2942 586 2984 et
604 2935 712 3000 exempla
734 2934 761 2984 in
789 2935 892 2984 medium
909 2935 979 3000 paulo
997 2943 1053 2984 ante
1071 2935 1169 2984 inducta
1187 2934 1247 2984 nibil
1263 2935 1407 2984 mosobuats

309 3016 526 3080 contenderintque
542 3017 614 3066 instar
630 3033 719 3075 eorum,
730 3017 771 3081 qui
788 3017 864 3082 inepti
880 3025 905 3066 et
916 3017 985 3066 mdes
997 3015 1021 3066 in
1033 3015 1232 3081 disputationibus
1242 3024 1306 3066 sunt.
1339 3015 1408 3065 Pao.

310 3096 517 3154 Quemadmodum
528 3097 606 3146 dicis?
640 3098 683 3148 So.
700 3099 772 3156 Quod
784 3099 803 3146 ai
815 3099 866 3162 ipse
878 3106 901 3146 te
913 3097 1007 3146 imitana
1015 3104 1087 3161 01000
1098 3096 1408 3161 repugnamdicereansim

310 3175 489 3225 dissimillimum
505 3176 652 3226 dissimillimi
664 3177 769 3226 omnium
789 3193 839 3226 esse
855 3177 1009 3236 simillimum,
1020 3179 1113 3238 eadem,
1124 3193 1177 3242 000
1189 3175 1352 3234 0110010000
1364 3191 1408 3240 po·

311 3263 371 3306 tero.
389 3257 452 3306 unde
469 3257 583 3320 rudiores,
595 3273 665 3322 quam
685 3259 778 3318 deceat,
789 3259 954 3324 apparebimus
966 3276 979 3310 ι,
990 3267 1016 3308 et
1031 3260 1090 3306 ratio
1101 3259 1169 3308 nobis
1177 3258 1272 3307 excidet
1282 3265 1354 3322 atque
1364 3258 1409 3306 de·

313 3335 378 3386 linet.
411 3335 561 3388 Revocemus
574 3339 644 3402 igitur
654 3355 705 3388 sam
714 3347 920 3404 retractemnsque·
937 3339 998 3390 000ιο
1007 3339 1071 3388 enim
1083 3338 1184 3390 vicissim
1196 3347 1301 3404 agentes,
1310 3338 1409 3403 etqusai

312 3417 407 3466 easdem
415 3417 440 3464 in
451 3433 519 3468 ansas
529 3419 663 3483 redeuntes,
672 3421 750 3485 aliquo
763 3429 833 3485 pacto
845 3419 1022 3470 conveniemus.
1056 3421 1122 3470 Pao.
1141 3419 1189 3470 Die
1199 3419 1337 3485 0001000οἓ
1364 3419 1410 3470 80.

312 3495 381 3546 Pone
392 3514 429 3546 me
440 3499 523 3548 iterum
533 3500 700 3565 interrogatum
711 3501 753 3550 abs
764 3501 970 3565 te,ol’rotarolte.
1004 3502 1070 3550 Part.
1087 3500 1225 3557 Quidnam?
1252 3499 1293 3548 80.
1309 3499 1411 3562 Sapien-

313 3576 357 3636 tia,
371 3577 480 3638 scicntia,
498 3595 573 3646 mena,
583 3589 608 3630 et
618 3597 766 3644 quecunmre
777 3599 822 3646 ego
838 3598 853 3631 a
870 3581 987 3647 principio
1004 3597 1096 3646 000000
1108 3581 1170 3628 bons
1181 3581 1303 3635 vocabam·
1313 3586 1410 3642 1031111·

313 3658 372 3720 quid
383 3657 460 3722 ipsum
472 3661 560 3709 bonurn
572 3661 611 3726 sit,
623 3677 702 3710 nonne
719 3663 789 3718 idem.
803 3664 869 3728 0000
888 3673 913 3713 01
929 3679 1004 3712 sermo
1023 3671 1085 3720 tuus,
1100 3661 1237 3725 patientur?
1270 3659 1337 3711 Pao.
1354 3660 1412 3718 Qua

313 3735 422 3787 ratione?
455 3741 499 3790 80.
516 3741 616 3792 Cunctae
636 3759 738 3808 namque
756 3745 863 3794 scientias
881 3745 960 3794 multra
980 3743 1130 3814 uidebuptur,
1146 3757 1273 3806 earumque
1289 3742 1411 3790 nonnullas

314 3817 438 3868 dissimiles
448 3820 558 3870 invicem.
577 3825 641 3887 0000
658 3824 678 3872 si
694 3840 747 3890 quse
759 3825 829 3874 ctiam
841 3826 964 3874 contrarias
975 3826 1030 3883 sint,
1041 3823 1149 3888 ttunquid
1161 3821 1270 3888 presenti
1288 3821 1344 3886 [li]
1363 3823 1412 3870 dis·

315 3897 440 3961 putatione
448 3899 534 3963 dignus
545 3903 620 3966 sucro,
631 3905 652 3954 si
663 3905 708 3956 boo
721 3905 796 3969 ipsum
808 3907 905 3980 ¹veritus,
915 3906 1005 3956 nullam
1021 3905 1143 3954 scientiam
1159 3903 1264 3954 scientia
1275 3902 1413 3950 dissimilem

316 3975 433 4046 dixerim?
466 3978 506 4027 Sic
519 3981 614 4030 tandem
624 4000 699 4034 sermo
711 3995 789 4034 noster
800 3993 913 4052 tanquam
929 3986 1011 4034 sabula
1030 3991 1189 4040 eranmeeret,
1200 3998 1243 4030 nos
1259 3989 1338 4030 antem
1349 3982 1415 4030 rudi·

317 4063 366 4105 tate
377 4057 478 4120 000οιιο
490 4074 639 4112 servaremur.
656 4074 681 4114 at
689 4065 723 4116 sic
732 4067 782 4116 lieri
793 4067 889 4114 minime
899 4066 984 4116 deceta
996 4066 1053 4130 quin
1061 4065 1140 4128 potius
1148 4061 1229 4110 001000
1237 4062 1296 4110 ratio
1305 4061 1414 4110 habenda

231 4175 243 4198 ,
317 4147 362 4186 001.
395 4136 458 4186 Mihi
469 4137 542 4203 igitur
551 4149 576 4190 et
587 4142 611 4190 in
622 4150 663 4194 tua
674 4155 699 4194 et
709 4145 737 4194 in
745 4162 797 4196 rnea
807 4147 913 4196 oratione
922 4161 951 4194 ex
960 4161 1029 4209 0000
1040 4145 1064 4192 id
1077 4144 1164 4208 placet,
1175 4149 1203 4191 nt
1212 4141 1293 4190 multas
1304 4141 1416 4190 videlicet

318 4217 453 4282 uoluptates
469 4228 541 4286 atque
551 4223 682 4276 ,dissimiles
697 4227 752 4284 sint,
765 4227 845 4276 multae
859 4234 970 4292 proterea
990 4207 1173 4287 diderentesquo
1190 4223 1304 4274 scientia.
1337 4219 1415 4268 Dili'c·

318 4297 416 4346 rentiam
434 4299 515 4365 itrque
534 4305 581 4352 mci
599 4320 628 4356 sc
646 4307 681 4354 tui
699 4308 790 4366 boni‚o
808 4307 942 4363 Protarcbe‚
953 4306 1048 4354 minime
1060 4307 1241 4362 abscondentes,
1251 4303 1292 4352 sed
1304 4302 1327 4348 in
1339 4301 1416 4349 lucem

318 4378 399 4444 potius
410 4381 548 4449 educentes,
560 4387 678 4436 discutcre
691 4387 828 4446 audeamus,
841 4389 861 4437 si
872 4405 920 4453 000
932 4395 1002 4452 pacto
1014 4401 1055 4451 per
1066 4386 1254 4449 redargutionem
1265 4381 1418 4446 significator.

319 4467 396 4508 utrum
409 4461 554 4527 roluptatctn
566 4466 642 4530 ipsum
660 4467 747 4516 bonum
760 4469 796 4516 rel
813 4469 964 4532 sapientiam,
974 4475 1017 4516 ant
1033 4466 1126 4516 tertium
1145 4466 1259 4530 quiddam
1280 4462 1418 4526 praeterlata

319 4553 457 4606 nuncupare
474 4543 567 4596 deceat.
601 4545 673 4598 Nunc
693 4546 756 4596 anim
774 4563 921 4614 nequaqnam
940 4549 1004 4598 istud
1024 4547 1167 4600 contendere
1185 4545 1307 4602 debemus,
1319 4550 1346 4592 nt
1362 4557 1418 4606 000
