3182 5300
348 455 408 514 sss
762 447 958 512 urssrom
979 449 1048 514 vu.
1369 453 1446 535 [oss

344 607 469 672 sapientie
486 613 609 662 amotores,
629 605 672 654 sed
691 605 842 670 opinionibus
862 609 984 656 dumtaxat
993 608 1140 657 estrimecus
1147 610 1257 666 colorati,
1268 609 1446 668 instsrsornm.

344 689 387 752 qui
402 688 447 735 sub
460 687 511 735 sole
523 694 623 734 uruntur
632 693 703 750 utque
714 688 855 746 colorantur,
866 685 921 736 cum
937 687 1080 746 audiverint,
1091 697 1151 754 quot
1160 689 1276 740 discenda
1286 691 1343 750 sint,
1354 701 1449 755 quanto

344 767 433 824 labore,
452 783 498 832 qus
515 768 650 831 quotidiani
671 767 748 815 rictus
767 769 926 831 temperantia
946 769 1102 834 philosophie
1124 771 1209 820 studiis
1230 774 1373 828 necemuris..
1395 787 1447 822 rem

342 850 451 914 protinus
471 849 517 896 sibi
534 847 616 896 domm
630 849 850 913 impassibilemque
870 852 923 906 ruti,
942 859 967 898 ut
986 865 1082 914 operum
1103 853 1163 900 dent
1182 853 1326 902 udducinon
1337 865 1450 918 possunt.

343 929 418 995 [341]
436 931 543 994 plerique
553 945 609 977 vern
620 930 717 977 sibimet
726 930 1022 996 persuadentsufficieuuter
1031 947 1057 978 se
1068 933 1149 980 omnis
1163 933 1213 996 jum
1225 933 1353 988 audivisse,
1364 949 1446 997 neque

343 1009 423 1057 studio
442 1026 536 1074 prorsus
553 1011 603 1058 ullu
623 1012 720 1058 ulterius
733 1012 847 1073 indigere.
864 1013 914 1060 haec
926 1013 1009 1075 utique
1021 1011 1123 1068 faciendi
1136 1015 1236 1077 periculi
1247 1016 1308 1062 rstio
1321 1016 1449 1078 perspicus

342 1099 380 1138 est
390 1098 416 1137 et
425 1092 523 1138 minime
533 1091 612 1147 fellas,
624 1093 735 1139 adsersus
745 1107 795 1149 eos,
806 1093 847 1155 qui
858 1093 968 1156 prosequi
980 1109 1027 1156 prus
1038 1094 1140 1142 mollitie
1152 1103 1291 1157 nequeumt:
1309 1103 1337 1142 ut
1353 1097 1445 1142 crisssess

340 1170 367 1218 iu
388 1180 560 1234 preceptorem
580 1170 679 1234 rejicere
699 1187 821 1236 uunqusm
841 1175 940 1238 possint,
960 1175 1003 1221 sed
1022 1175 1068 1237 ipsi
1089 1173 1138 1237 jum
1159 1190 1184 1222 se
1205 1175 1273 1238 ipsos
1290 1175 1322 1223 sd
1341 1190 1446 1238 aqna

342 1251 516 1316 philosophiam
535 1253 630 1309 decent,
649 1252 786 1316 perngeuds
801 1254 955 1318 sedsrgueut‚
973 1261 1000 1300 ut
1010 1253 1164 1317 impotentes.
1180 1255 1225 1302 hcc
1235 1254 1319 1318 utique
1330 1255 1449 1303 cssruiuis

340 1331 432 1379 rstioue
454 1331 518 1396 apud
538 1332 681 1397 Dionysium
698 1342 756 1382 tunc
773 1350 831 1382 usus
847 1350 915 1382 sum:
933 1341 1020 1384 cuncto
1036 1349 1092 1383 sero
1111 1350 1156 1382 nec
1175 1350 1221 1398 ego
1239 1335 1342 1398 percurri
1363 1351 1446 1398 neque

342 1411 475 1476 Dionysius
482 1412 626 1474 requirebat
642 1427 698 1459 nsm
706 1422 773 1460 erunt
783 1415 901 1474 pennulrss
912 1421 938 1460 et
947 1415 1057 1469 msximu,
1068 1415 1094 1461 in
1103 1415 1192 1478 quibus
1200 1431 1227 1461 se
1235 1416 1292 1462 sutis
1301 1414 1397 1462 doctum
1408 1417 1442 1464 ob

341 1507 380 1548 es,
391 1508 443 1555 quse
452 1493 482 1539 ab
493 1493 544 1538 sliis
554 1492 685 1552 audiverat,
695 1492 824 1538 existimari
835 1491 955 1539 eludebat.
972 1493 1044 1540 sudio
1054 1509 1120 1547 vero,
1131 1495 1211 1554 ipsum
1222 1493 1253 1541 de
1264 1495 1309 1548 his.
1320 1509 1370 1557 qne
1382 1503 1443 1544 turso

341 1572 441 1628 sudirit,
459 1570 580 1634 scripsisse
596 1577 687 1633 postes,
705 1569 772 1632 quusi
789 1577 864 1617 artem
880 1571 1003 1633 proprium
1012 1580 1208 1633 componentem:
1226 1573 1349 1621 curnuih'sl
1361 1583 1443 1624 tumen

340 1653 424 1700 borum
441 1666 523 1699 resero
539 1652 646 1715 ipsorum
664 1649 761 1706 inesset,
781 1656 809 1697 ut
819 1648 930 1712 equidem
940 1649 1018 1698 sudio.
1033 1651 1065 1698 ds
1075 1651 1111 1698 bis
1122 1665 1179 1698 reso
1189 1666 1235 1714 ego
1246 1653 1306 1700 nihil
1316 1655 1374 1701 certi
1386 1655 1444 1704 scio.

340 1732 400 1781 ulios
418 1740 498 1781 mmen
518 1731 633 1794 quosdsm
649 1731 705 1778 nori
723 1729 753 1778 de
769 1730 839 1778 rebus
849 1729 940 1778 eisdem
951 1731 1081 1794 scripsisse.
1098 1731 1233 1796 quicunque
1241 1747 1298 1781 sero
1310 1735 1334 1782 hi
1344 1734 1442 1794 meins,

339 1827 372 1862 sse
388 1814 436 1877 ipsi
454 1813 553 1876 quidem
572 1827 598 1860 se
618 1812 691 1876 ipsos.
708 1817 800 1858 tuntum
811 1825 868 1858 vero
881 1809 961 1858 dicsm
972 1809 1002 1859 de
1012 1811 1048 1859 his
1056 1813 1175 1869 omuibus,
1186 1813 1228 1876 qni
1238 1823 1279 1862 sut
1290 1815 1439 1878 scripserunt

340 1900 382 1942 sut
391 1893 502 1958 scripturi
511 1900 574 1949 sunt,
584 1907 610 1940 se
621 1892 680 1941 scire
691 1887 842 1949 affirmantes,
854 1905 907 1954 quse
916 1891 965 1939 siut
975 1907 1012 1948 ess,
1021 1907 1074 1956 quse
1082 1893 1135 1956 ipse
1142 1901 1254 1958 tunqussu
1263 1895 1325 1944 seris
1333 1897 1441 1946 studiose

340 1973 451 2032 meditor,
469 1975 519 2022 sive
535 1989 550 2022 s
568 1989 605 2021 sne
623 1973 674 2021 sive
693 1973 723 2021 ab
734 1973 787 2020 eliis
798 1972 940 2030 sudireriut,
952 1973 1003 2021 sire
1015 1980 1126 2036 tenqusnr
1139 1975 1274 2024 inventores
1283 1977 1332 2040 ipsi
1342 1977 1442 2035 luerint,

339 2054 399 2102 nihil
409 2071 451 2104 eos
460 2056 511 2120 ipss
521 2057 551 2103 de
562 2069 586 2103 re
596 2069 651 2102 meo
658 2053 750 2118 judicio
758 2053 882 2117 percipere
892 2068 971 2116 posss.
988 2069 1034 2102 uec
1046 2055 1112 2101 euim
1121 2053 1151 2102 de
1162 2056 1221 2118 ipsis
1232 2057 1314 2118 scripsi
1333 2071 1441 2120 usqum

338 2151 384 2184 nec
395 2137 504 2186 scribam·
520 2135 547 2184 id
557 2151 659 2200 nemque
667 2134 734 2182 nullo
746 2142 816 2198 pecto
825 2134 906 2182 verbis
917 2135 1021 2198 exprimi
1032 2141 1120 2198 potest,
1132 2135 1329 2198 quemadmodum
1349 2145 1442 2186 cetere

329 2215 488 2282 discipline:
516 2219 559 2266 sed
579 2233 610 2265 cx
633 2217 745 2264 diuturna
766 2215 828 2264 circs
844 2214 868 2262 id
891 2215 971 2278 ipsum
992 2215 1164 2264 consuetudine
1182 2217 1282 2280 riteque
1301 2216 1333 2264 sd
1355 2219 1442 2281 ipsun

338 2298 505 2363 conjunctione
522 2299 600 2346 subito
618 2297 722 2354 undem,
741 2297 809 2360 qussi
827 2296 856 2343 sb
873 2296 929 2360 igne
941 2296 1084 2345 scintillanti
1093 2297 1169 2344 lumen
1180 2296 1307 2360 rsiulgcus,
1318 2297 1345 2344 in
1357 2299 1442 2348 mim·

337 2393 364 2426 se
383 2380 461 2442 ipsum
478 2381 529 2445 jum
546 2379 596 2427 elit.
611 2377 678 2442 etqui
696 2385 788 2424 tonsum
806 2373 916 2439 equidem
933 2375 992 2431 scio,
1011 2375 1123 2424 videlicet
1140 2376 1256 2440 scriptus
1274 2391 1313 2424 sue
1324 2379 1363 2426 vel
1374 2377 1443 2428 dices

337 2459 428 2522 optime
438 2459 589 2506 dicerentur:
606 2457 737 2504 melereto
748 2455 836 2518 scriptu
847 2469 894 2502 uon
906 2454 1024 2502 minimum
1036 2455 1096 2503 milri
1104 2455 1216 2504 ullmoent
1223 2457 1366 2504 molestiam.
1376 2459 1442 2520 quod

337 2539 359 2588 si
370 2539 465 2604 scriptis
474 2539 514 2586 vel
522 2553 581 2586 soce
591 2535 733 2601 proferenda
742 2535 801 2582 mihi
810 2534 837 2582 in
845 2536 944 2598 vulgum
954 2535 1099 2592 riderentur,
1112 2535 1228 2600 quidnam
1238 2536 1359 2600 pulchrius
1368 2539 1440 2586 uulsis

336 2619 363 2668 iss
380 2621 429 2668 sits
449 2619 502 2667 lieri
519 2625 610 2683 posset,
630 2633 699 2682 qusm
715 2632 765 2666 reru
783 2616 854 2663 vslde
871 2616 956 2664 utilem
973 2616 1109 2664 hominibus
1126 2617 1219 2674 sfferre,
1239 2624 1309 2680 stqss
1328 2627 1441 2668 ustum

337 2701 449 2750 omnibns
466 2699 570 2764 prolerre
586 2699 612 2748 in
629 2699 724 2746 lucem?
752 2705 778 2746 st
792 2712 849 2745 seso
867 2696 972 2745 studium
989 2697 1015 2746 in
1035 2698 1072 2745 his
1082 2697 1184 2746 edendis
1194 2697 1252 2746 utils
1262 2712 1313 2746 esse
1323 2713 1371 2746 uon
1380 2713 1441 2748 reor

337 2782 481 2839 bominibus,
492 2782 536 2829 nisi
547 2779 675 2829 admodum
684 2779 776 2844 psucis‚
787 2778 828 2843 qui
837 2777 961 2835 videlicet,
972 2778 1067 2842 exiguis
1078 2785 1134 2827 sute
1145 2779 1256 2843 vestigiis
1263 2778 1440 2838 demorantis,

337 2864 370 2913 ud
379 2863 550 2912 inveniendum
559 2860 606 2925 ipsi
615 2875 713 2924 seguccs
722 2859 777 2908 siut.
792 2861 852 2908 ulios
858 2875 915 2908 sero
925 2859 1012 2924 psrtiru
1023 2867 1164 2925 contemptu
1173 2861 1274 2917 nefario,
1281 2861 1442 2926 puru‘mclstu

337 2959 381 3010 spe
390 2959 498 3008 suusque
508 2941 666 3006 implevisset,
676 2941 742 3005 qussi
751 2941 863 3006 preclm
874 2942 983 3006 quedem
996 2941 1046 3006 jsrn
1057 2941 1205 2990 didicissent.
1220 2941 1318 3006 proinde
1328 2940 1442 3005 leogium

336 3026 368 3074 de
384 3025 444 3088 ipsis
460 3023 540 3072 dicere
559 3022 671 3086 cogitavi.
687 3022 747 3071 forte
762 3022 836 3079 enirn,
855 3022 876 3070 si
893 3025 944 3071 brec
964 3021 1081 3080 dicuutur,
1092 3022 1202 3070 nonnihil
1212 3021 1241 3069 ds
1251 3021 1357 3086 hisque
1368 3021 1439 3078 dieo,

336 3106 421 3155 clarius
431 3103 563 3169 apparebit.
581 3101 656 3168 [842]
674 3112 713 3152 ost
724 3118 825 3168 nemque
834 3119 912 3152 sermo
923 3104 1019 3167 quidem
1030 3119 1109 3160 rems,
1122 3105 1220 3152 obstsus
1228 3102 1264 3151 illi
1272 3101 1314 3168 qui
1323 3103 1352 3149 dc
1363 3101 1441 3150 rebus

336 3187 453 3251 ejusmodi
468 3186 527 3235 nihil
546 3185 643 3233 omnino
657 3184 730 3232 sudet
740 3185 857 3233 scriberes
875 3199 938 3248 sepe
948 3185 1043 3249 quidem
1053 3199 1068 3232 s
1078 3200 1117 3234 me
1127 3183 1187 3232 nlius
1198 3183 1275 3232 dictum
1283 3191 1310 3231 et
1325 3197 1397 3238 usuc,
1407 3193 1442 3232 ut

333 3267 435 3324 videtur,
452 3265 578 3323 dicendus,
596 3266 724 3329 uuicuique
740 3265 854 3328 ipsorum,
875 3281 927 3329 que
943 3275 1007 3322 suut,
1026 3266 1070 3314 tris
1087 3274 1151 3321 sunt,
1167 3263 1297 3328 exquibus
1312 3263 1440 3312 scientim

334 3349 388 3396 lieri
406 3347 569 3397 necessarium
588 3347 628 3398 sit.
644 3353 752 3410 questum
772 3347 826 3409 ipss
845 3345 946 3394 scientis
965 3356 1017 3395 est:
1035 3347 1143 3410 quintum
1164 3359 1220 3393 sero
1239 3351 1337 3411 oportet
1356 3345 1438 3407 ipsurss

334 3443 432 3493 ponere,
444 3429 507 3492 quod
519 3427 618 3491 quidem
635 3427 806 3490 cognoscibile,
817 3427 843 3474 id
853 3435 892 3474 est
902 3427 967 3490 quod
977 3427 1074 3489 ugnosci
1083 3433 1171 3488 potest,
1183 3433 1256 3488 utque
1266 3439 1323 3472 rere
1332 3425 1439 3474 exsitit.

334 3511 420 3560 borum
428 3525 502 3558 unum
517 3517 554 3557 est
569 3523 666 3564 nomeu,
678 3507 807 3556 secumdum
818 3508 893 3556 orstio
902 3506 953 3554 sive
963 3506 1024 3554 ratio
1035 3505 1153 3571 quadum,
1164 3506 1257 3552 tertium
1267 3505 1439 3553 simulscrnsss:

332 3591 434 3640 scientis
452 3597 569 3656 questum.
587 3587 617 3636 de
635 3589 767 3652 unoquovis
783 3589 857 3651 igitur
871 3587 963 3652 sccipe,
981 3587 1090 3652 cupiens,
1109 3587 1172 3651 quod
1193 3585 1266 3633 modo
1287 3583 1379 3633 dictum
1390 3595 1439 3642 est,

323 3671 442 3721 vdiscere:
460 3673 539 3735 deque
556 3670 666 3722 omnihus
682 3669 792 3718 similiter
808 3671 895 3734 cogite.
912 3670 1013 3718 circulum
1034 3665 1125 3732 sliquid
1145 3665 1241 3724 dicitur,
1258 3667 1300 3714 cni
1311 3681 1399 3714 nomeu
1411 3665 1440 3714 id

333 3761 378 3809 cst,
389 3750 533 3816 quodmodo
544 3751 763 3815 pronuntisbsmus.
774 3751 881 3815 sequitur
891 3759 970 3799 sutem
981 3751 1032 3816 ejus
1042 3750 1117 3797 orstio
1134 3747 1184 3794 sire
1202 3747 1263 3795 rstio
1272 3747 1394 3810 quodam,
1405 3763 1440 3796 ex

332 3832 468 3880 nominibus
484 3832 610 3895 verbisque
627 3831 765 3895 compositu.
787 3830 853 3896 quod
873 3830 936 3878 enim
958 3831 989 3880 sb
1007 3829 1119 3878 extremis
1136 3828 1167 3875 sd
1184 3828 1293 3876 medium
1309 3827 1437 3893 ssqusliter

332 3910 438 3974 undique
454 3911 535 3976 distet,
552 3911 618 3960 illius
633 3912 695 3959 ratio
714 3923 764 3960 est:
781 3910 846 3976 quod
861 3911 957 3959 rotundi
968 3919 994 3959 et
1003 3909 1199 3960 circumferentia
1209 3917 1234 3956 ct
1243 3909 1326 3957 circuli
1338 3911 1438 3958 nomine

332 3991 491 4053 designemus.
507 3993 602 4040 tertium
619 4007 677 4041 vero
693 3993 793 4050 scilicet,
813 3987 878 4056 quod
890 3993 971 4056 pictus
980 3991 1083 4040 circulus
1094 3989 1134 4045 sit,
1145 3989 1185 4036 vel
1195 3989 1299 4045 deletus.
1312 3999 1354 4038 sut
1364 3999 1436 4040 torus

330 4073 416 4126 iectus,
435 4071 474 4118 vel
490 4071 633 4122 destructus.
649 4089 748 4138 quorum
763 4075 821 4122 nihil
838 4076 891 4138 ipse
908 4073 1017 4130 circulus,
1037 4073 1099 4121 circs
1117 4087 1186 4135 quens
1197 4073 1248 4118 hec
1259 4069 1433 4134 singulssunt,

331 4154 428 4221 patitur,
447 4159 531 4208 utpote
548 4153 612 4200 sliud
622 4155 734 4218 quiddam
745 4157 870 4204 exsistens.
887 4165 994 4220 questum
1004 4161 1085 4202 sutem
1101 4152 1201 4200 scientis
1210 4159 1250 4199 est
1260 4159 1285 4198 et
1294 4151 1438 4200 interlect-

330 4245 403 4300 stque
412 4247 468 4281 vero
477 4233 540 4280 circs
549 4233 600 4280 bec
610 4236 700 4298 opinio.
717 4237 761 4286 boc
772 4251 849 4285 rursus
857 4243 932 4284 totum
942 4243 1054 4298 tunquam
1069 4248 1141 4282 unum
1157 4241 1194 4280 est
1209 4231 1357 4294 ponendum,
1368 4231 1440 4294 quud

329 4333 376 4366 nec
391 4316 416 4363 iu
434 4313 533 4361 vocibus
548 4327 592 4361 nec
608 4314 632 4360 in
649 4329 776 4378 corporum
794 4317 875 4380 figuris
884 4325 930 4371 est,
941 4313 986 4362 sed
995 4313 1081 4362 enimis
1093 4331 1100 4360 ε
1118 4311 1221 4376 ideoque
1231 4311 1386 4360 muniisstuns
1398 4321 1441 4360 cst

285 4433 290 4440 ,¹
328 4397 392 4446 uliud
412 4410 472 4451 esse,
492 4409 563 4459 qusm
579 4393 611 4442 sit
627 4394 682 4458 ipss
690 4396 771 4445 circuli
781 4409 872 4455 nesure,
884 4409 1009 4461 rursusque
1019 4393 1084 4443 eliud
1095 4409 1169 4458 qusrn
1178 4393 1223 4441 tris
1232 4393 1285 4448 ills,
1294 4407 1349 4456 quss
1358 4407 1439 4456 supa

329 4477 440 4525 diximus.
456 4477 540 4525 horum
555 4491 612 4525 sero
628 4491 660 4526 ex
680 4492 778 4527 numere
800 4479 939 4530 intellectus
960 4475 1102 4543 coquetioue
1123 4473 1328 4538 similitudinesque
1348 4471 1441 4537 quinte
