3174 5296
132 535 219 617 369]
588 541 813 605 inmortua.
963 531 1039 578 '·
1175 546 1236 606 eos

130 699 179 757 Et,
339 696 560 764 Nilmagiainielia
571 697 642 746 tuerit
651 699 789 748 mortalibus
803 701 879 764 agria,

335 779 357 828 Ε
368 779 460 828 cunctis
470 786 552 827 tanam
563 793 615 842 qna
625 795 697 843 supra
706 780 811 842 flentque
820 787 955 844 meantque.

69 913 72 918 ,
129 855 220 924 [368]
253 859 293 908 De
302 859 445 923 Amphiarao
453 875 508 908 vero
517 858 575 923 qnid
586 859 639 907 ait?

336 940 352 990 J
353 941 448 1004 uppiter
458 941 519 988 hunc
531 938 589 986 tatia
598 938 692 994 animia,
700 939 763 988 bunc
774 938 875 987 Phoebus
886 937 988 996 amabat,

336 1019 383 1068 Illa
394 1028 472 1068 tamen
480 1019 538 1084 justi
548 1025 625 1066 metae
634 1033 683 1068 non
693 1019 772 1082 attigit
782 1020 834 1067 arvi.

128 1095 186 1152 Qui
200 1113 257 1147 vero
267 1113 312 1148 noa
324 1099 396 1164 jubet

335 1179 437 1244 Lagare,
447 1179 489 1226 ubi
500 1185 562 1226 eeaet
572 1178 659 1242 aliquia
667 1178 693 1226 in
703 1179 782 1227 lucem
791 1180 878 1236 editus,

334 1257 452 1306 Humanae
462 1257 525 1305 varia
536 1258 591 1305 vitre
601 1264 738 1321 reputantes
750 1259 818 1316 mala,

126 1349 212 1397 quam
223 1345 288 1386 recte
298 1337 340 1385 tabi
351 1337 428 1386 dicere
439 1337 548 1385 videtur?
580 1335 628 1385 Sed
635 1338 707 1386 tinem
717 1337 788 1395 facio,
798 1354 839 1396 ne,
850 1339 905 1388 dum
916 1341 943 1388 iu
955 1341 1009 1391 aliia
1019 1345 1229 1394 commemorandia

92 1447 100 1466 .
127 1414 258 1473 immoror,
270 1424 354 1480 prater
363 1416 389 1464 id
400 1415 520 1480 quodjam
529 1431 584 1464 aum
594 1417 720 1480 pollicitus,
732 1419 863 1482 longiorem
873 1421 1004 1470 oraticnem
1012 1421 1120 1473 ediciam.
1138 1423 1228 1488 Ecquis

126 1509 192 1542 vero
206 1495 341 1544 mortalium
350 1503 388 1543 eat
398 1497 440 1559 qui
449 1496 511 1542 illud
521 1496 576 1544 ritas
586 1496 716 1544 iuuitmum
727 1513 808 1546 murae
820 1507 894 1548 artem
905 1515 976 1565 qnam
988 1502 1110 1565 amplexae
1120 1502 1160 1560 ait,
1177 1519 1227 1552 non

124 1583 244 1630 accuset,
261 1583 286 1622 et
300 1574 331 1622 de
349 1590 393 1622 aua
411 1575 546 1625 conditione
561 1591 610 1624 non
627 1579 801 1640 conqueratur?
833 1578 898 1642 Age,
907 1580 1015 1642 primum,
1030 1581 1052 1629 ai
1065 1583 1154 1644 placet,
1165 1583 1226 1632 illud

126 1653 263 1701 hominum
282 1669 355 1717 genua
375 1653 488 1703 adeamus
506 1657 548 1720 qui
566 1657 689 1706 humilium
699 1657 890 1722 aordidammqne
901 1661 987 1708 udum
996 1661 1142 1717 ministeriis,
1153 1663 1226 1713 vitam

124 1747 250 1780 manuum
265 1734 360 1797 opificio
379 1735 498 1782 tolerant:
516 1750 594 1783 noune
605 1735 640 1783 illi
650 1735 748 1784 diumoa
758 1745 932 1802 nocturnosque
943 1739 1031 1788 labores
1039 1741 1168 1805 perierunt,
1181 1757 1227 1792 nec

124 1813 233 1860 interim
243 1815 280 1861 vix
292 1828 320 1862 ac
329 1829 360 1862 ne
373 1815 414 1863 vix
425 1815 562 1878 quidcmrea
573 1816 603 1864 ad
613 1816 741 1864 vivendum
750 1819 895 1866 necessarias
906 1818 952 1866 eibi
963 1820 1157 1878 amministrum,
1169 1821 1227 1870 dum

124 1900 217 1940 tamen
234 1903 259 1941 et
275 1908 343 1942 auam
358 1901 446 1943 sortem
465 1895 615 1943 vehementer
631 1896 764 1959 deplorant,
782 1904 807 1944 et
822 1913 903 1946 omnes
914 1897 1190 1963 suaavIgiliaalacrymia
1200 1909 1226 1948 et

125 1973 236 2036 planetu
254 1974 365 2038 replenti
398 1973 560 2022 Nautarnmne
580 1975 653 2024 vitam
666 1976 768 2025 diceudo
777 1991 953 2046 persequamur,
962 1978 1003 2040 qui
1013 1993 1055 2041 per
1065 1985 1102 2024 tot
1111 1985 1225 2043 mutaque

125 2051 275 2102 eliaca-imina
286 2054 488 2105 transmittanmr?
504 2055 638 2118 etquidem
648 2055 730 2118 (aicuti
741 2056 800 2105 acite
810 2056 870 2104 dixit
880 2055 951 2121 Bias)
962 2072 1041 2120 neque
1051 2058 1113 2105 inter
1124 2065 1226 2108 mortum

125 2145 214 2196 neque
224 2133 286 2180 inter
296 2131 362 2181 vivos
372 2133 488 2181 racanati
498 2148 568 2196 poaae
576 2133 709 2182 videantur.
725 2136 794 2182 bomo
805 2135 870 2183 enim
878 2142 994 2192 mnus,
1001 2135 1040 2185 eui
1047 2143 1108 2184 terra
1115 2137 1225 2184 ηἰιιιίηω

125 2211 250 2259 attributa
270 2219 307 2259 eat
327 2213 358 2260 ad
377 2211 528 2260 habitandum
549 2213 627 2271 aedae,
642 2215 712 2277 quaai
728 2215 849 2277 utriunque
869 2216 962 2277 generis
980 2215 1075 2264 etrite
1095 2217 1224 2280 particeps,

125 2290 156 2338 in
164 2305 235 2338 mare
244 2306 269 2339 se
278 2291 319 2339 dat
326 2291 480 2356 praecipitem,
488 2307 561 2356 aeque
568 2293 629 2341 ultro
637 2293 662 2340 in
670 2293 768 2342 iortnnaa
777 2294 894 2342 madeant
899 2301 1049 2357 potestatem.
1075 2296 1108 2342 At
1115 2295 1225 2358 jucunda
1244 2335 1248 2344 .

126 2377 168 2419 eat
189 2371 341 2433 agricultura.
357 2378 394 2418 eat
409 2385 475 2419 eane.
490 2379 516 2418 at
525 2387 573 2420 non
590 2380 668 2420 totum
679 2372 757 2437 (quod
771 2373 852 2438 aiunt)
862 2375 929 2423 ulcus
939 2389 1033 2438 semper
1043 2374 1130 2423 dolorie
1139 2391 1223 2424 caueae

126 2451 245 2498 invonit?
262 2466 334 2514 quum
351 2449 462 2498 videlicet
470 2451 542 2499 modo
552 2451 681 2500 siccitatem
693 2451 809 2516 deploret,
820 2454 892 2501 modo
903 2453 996 2510 inum,
1006 2454 1078 2502 modo
1088 2454 1221 2512 uredinem,

126 2531 206 2579 modo
220 2531 360 2594 rubiginem,
377 2529 449 2579 modo
468 2531 571 2579 calorem
579 2531 778 2594 intempestivum,
789 2533 828 2580 vel
838 2533 932 2596 frigus?
963 2533 1018 2582 Jam
1028 2549 1084 2583 vero
1100 2535 1160 2583 illud
1169 2537 1224 2583 ritu

127 2625 210 2674 genus
227 2625 280 2674 que
298 2611 324 2659 in
337 2611 429 2674 republ.
444 2610 629 2660 administranda
647 2618 758 2667 vereatur,
775 2612 867 2660 illustre
886 2620 924 2660 eat
942 2621 967 2660 et
977 2613 1085 2662 mammis
1095 2615 1223 2664 honoribus

126 2689 228 2740 colitur.
262 2689 304 2746 At,
323 2697 351 2738 nt
362 2691 436 2738 multa
446 2691 632 2754 pretermittam,
643 2691 736 2754 quantis
747 2691 862 2739 moleatiia
870 2699 894 2740 et
904 2693 1057 2742 incommodis
1068 2694 1223 2758 exagitatur?

128 2771 224 2834 quippe
245 2785 298 2832 que
313 2769 426 2833 ,anuum
442 2769 536 2826 noea,
556 2751 675 2819 rinnau
691 2771 774 2827 naar,
793 2772 881 2820 tanne
894 2771 1079 2822 inflammatione
1101 2775 1223 2838 palpitans

127 2857 206 2914 atque
225 2848 335 2897 micam:
352 2849 472 2912 repulsam
491 2863 549 2896 varo
565 2850 663 2897 infinitis
682 2851 787 2914 partibus
804 2859 877 2900 morte
898 2852 1040 2902 acerbiorem
1058 2867 1221 2918 acepenumerc

126 2929 246 2994 patiatur.
279 2927 367 2991 Ecquis
384 2929 446 2977 enim
464 2935 501 2976 eat
520 2929 570 2994 qni,
588 2929 645 2977 dum
664 2945 727 2978 aura
743 2931 864 2994 popularia
875 2931 969 2980 arbitrio
982 2933 1047 2989 vivit,
1058 2931 1114 2981 beat
1119 2935 1223 2997 judicari

127 3009 222 3073 poenit?
240 3008 269 3066 ai,
279 3013 405 3072 postquam
415 3023 528 3072 equomm
538 3009 563 3056 in
573 3023 662 3056 morem
674 3009 749 3057 aibilis
760 3017 785 3057 et
794 3011 918 3073 plamibua
925 3010 1036 3060 delinitae
1044 3011 1223 3078 tuerit,p0pn10

127 3089 262 3138 ludibrium
280 3089 393 3137 contiuuo
415 3088 548 3151 objicietur,
570 3089 717 3144 exsibilatur,
738 3089 872 3144 mulctetut,
893 3089 971 3152 capita
993 3089 1121 3146 minuatur,
1140 3094 1220 3140 mortis

128 3168 252 3231 supplicio
267 3167 416 3215 involvatur:
433 3168 459 3214 in
475 3182 569 3215 omnem
587 3167 692 3231 denique
711 3167 870 3215 calamitatem
880 3182 986 3230 praecepa
996 3169 1073 3224 detur,
1086 3170 1219 3218 miaembile

127 3247 234 3296 fortune
253 3247 413 3308 spectaculum
430 3246 544 3294 iuturus?
577 3247 674 3302 Quanta
690 3260 748 3293 vero
757 3245 859 3293 civilium
871 3247 949 3294 harum
960 3253 1127 3310 tempestatum
1139 3257 1222 3297 extent

128 3327 251 3390 exempla,
263 3324 378 3382 Arioebe,
388 3340 436 3373 non
445 3326 548 3388 ignorat,
555 3325 597 3389 qui
606 3325 633 3373 in
641 3327 708 3374 rebna
719 3325 828 3374 civilibus
838 3335 940 3374 versatus
951 3341 984 3374 es.
1018 3325 1067 3378 Ubi
1084 3327 1148 3375 enim
1158 3343 1221 3376 mor·

126 3413 186 3456 tuus
197 3413 235 3454 eat
243 3405 375 3460 Miltiades,
385 3405 426 3453 ubi
435 3399 616 3462 Themistoclea,
628 3405 669 3453 ubi
679 3403 804 3469 Ephialtes
815 3405 824 3452 ?
842 3406 882 3454 nbi
893 3421 948 3456 rem
957 3421 1027 3469 reget
1035 3407 1072 3455 illi
1082 3415 1107 3454 et
1116 3408 1219 3471 impera·

127 3482 194 3534 turea
213 3485 254 3550 qni
274 3500 352 3548 nuper
368 3485 513 3534 extiterunt?
530 3500 579 3549 quo
596 3485 708 3549 equidem
725 3496 831 3549 tempore
851 3501 898 3534 non
918 3487 986 3550 potui
1002 3485 1088 3536 adduci
1104 3495 1219 3549 utmaam

128 3566 276 3614 aenmntiam
287 3564 397 3612 dicerem
412 3579 491 3628 neque
502 3565 564 3613 onim
575 3565 606 3612 ad
615 3566 674 3613 boni
681 3565 724 3612 viri
736 3566 893 3619 constentiam
902 3567 1086 3630 gravitatemque
1095 3567 1220 3616 ridebatur

129 3646 260 3709 pertinere,
271 3652 299 3694 ut
307 3644 434 3693 insanienti
443 3645 532 3708 populo
541 3645 628 3694 ducem
638 3645 743 3711 ejusdem
753 3645 839 3694 sutoria
849 3654 937 3695 memet
945 3647 1083 3710 praeeram.
1093 3647 1220 3695 Therame-

129 3739 174 3773 nes
192 3733 271 3773 autem
287 3733 312 3773 et
330 3723 469 3787 callixenus
486 3723 599 3788 postridie
616 3724 709 3790 judices
731 3726 888 3774 subornarunt
906 3735 931 3774 et
949 3727 1160 3781 snccenmriarnnt,
1177 3729 1220 3791 qui

128 3805 241 3854 concioni
247 3805 408 3868 pnaaiderent,
415 3805 532 3853 etindicta
541 3819 612 3852 cauea
619 3806 726 3854 homines
734 3807 788 3854 illos
795 3807 892 3870 capitali
900 3806 1017 3869 mpplicio
1025 3806 1218 3856 condemnarunt.

130 3887 269 3949 quanquam
276 3895 303 3932 tu
311 3886 376 3932 solue
383 3885 455 3950 [369]
462 3901 515 3934 cum
523 3885 677 3951 Eryptolemo
688 3887 712 3934 in
721 3887 791 3935 trium
798 3887 901 3935 millium
909 3885 1031 3933 bominum
1041 3884 1072 3932 ad
1083 3886 1219 3935 concionem

130 3973 328 4028 congregatorum
338 3979 425 4013 corona
434 3966 528 4014 illomm
537 3966 683 4015 innocenti·
694 3982 763 4032 opem
774 3966 858 4016 tulisti.
890 3967 952 4014 Sunt
969 3966 1014 4014 ista
1028 3981 1092 4023 rere,
1102 3967 1219 4024 Socrates,

131 4043 224 4107 (inquit
242 4043 378 4108 Aniochua)
389 4052 414 4091 et
429 4059 466 4092 me
486 4061 513 4092 er
532 4045 577 4094 illo
591 4051 697 4111 tempore
712 4055 835 4111 ruggeatua
844 4047 1017 4096 etccncionurn
1028 4048 1093 4111 cepit
1104 4049 1217 4096 satietas:

130 4123 238 4186 nihilque
248 4123 308 4171 mibi
318 4121 377 4181 adeo
388 4125 432 4172 boc
440 4125 516 4172 civilis
526 4125 582 4174 rite
594 4141 680 4189 genere
692 4128 766 4175 deum
778 4135 816 4175 eat
824 4127 954 4175 molestius.
987 4125 1016 4174 ld
1036 4127 1098 4191 quod
1120 4128 1218 4190 quidem

129 4202 203 4250 facile
213 4201 232 4248 ii
242 4202 436 4266 pempiciuntqui
446 4203 473 4251 iu
487 4205 547 4268 ipaia
557 4206 627 4254 tebrae
636 4213 764 4254 vermntnr.
781 4221 837 4254 nam
853 4214 880 4254 tn
895 4207 993 4269 quidem
1003 4213 1066 4254 certe
1084 4207 1118 4254 ita
1132 4207 1163 4253 de
1183 4206 1219 4252 bia

131 4281 204 4329 rebus
212 4279 315 4343 loqueria
326 4289 353 4328 ut
360 4283 452 4331 eminus
462 4291 487 4331 et
496 4291 609 4348 tauquam
620 4301 633 4333 e
645 4287 742 4349 apecula
751 4301 790 4334 res
801 4287 870 4348 longe
881 4301 896 4332 a
905 4293 930 4333 te
940 4286 1029 4349 positas
1039 4287 1218 4348 contemplum:

130 4367 176 4408 noa
184 4367 263 4407 antem
274 4359 315 4422 qni
326 4359 423 4408 fecimus
433 4363 573 4426 periculum,
582 4373 671 4428 quanto
682 4366 771 4414 certius
780 4366 806 4413 id
818 4373 926 4414 tenemus
938 4368 944 4412 l
978 4365 1085 4429 Populus
1101 4365 1174 4420 enim,
1185 4364 1219 4411 mi

132 4439 250 4495 Socratae,
258 4452 297 4486 rea
306 4446 344 4487 eat
353 4439 454 4504 ingrata,
465 4458 565 4500 morosa,
576 4444 687 4501 crudelia,
699 4445 789 4502 invida,
797 4445 916 4510 imperita,
928 4461 1026 4495 vecors:
1043 4445 1131 4510 quippe
1139 4443 1181 4507 qni
1189 4457 1221 4492 ex

133 4516 193 4567 iace
200 4526 225 4568 et
235 4519 336 4568 colluvie
346 4521 423 4585 plebia
432 4522 465 4570 ait
474 4521 600 4582 conflatae,
615 4541 646 4574 ex
657 4526 744 4589 ineptis
753 4527 865 4576 nimbum
882 4525 1055 4575 nebulonibus:
1072 4537 1101 4574 ac
1120 4523 1218 4588 proinde

200 4599 268 4650 ΡΜ.
282 4599 324 4652 Tr.
667 4605 701 4653 11.
1115 4604 1158 4654 88
