3150 5290
308 511 347 568 52
657 497 827 562 tuentur
850 487 1055 560 uncturus
1330 503 1403 580 [rut

304 661 402 724 quidem
413 658 497 724 grenio,
508 671 571 708 uene
582 673 610 707 ex
621 657 661 720 iio,
671 656 712 722 qui
724 657 754 705 ed
766 655 889 705 Pereernm
905 669 984 718 regem
1000 651 1102 717 preteeti
1122 657 1197 710 ment.
1213 667 1240 702 re
1258 653 1403 720 000οὼοω

303 741 420 804 integrum
431 755 499 804 pene
510 739 583 798 diem,
594 739 665 788 ietem
676 753 704 787 ec
715 737 815 786 iertiiem
826 749 961 799 peregreeee
979 733 1134 798 prouinciam,
1144 748 1217 797 quern
1227 733 1312 784 incolet
1324 737 1403 786 uxorin

304 820 375 884 regin
384 819 471 869 Zonem
482 819 613 884 eppeiient.
629 834 681 868 eree
690 832 786 883 quoquo
797 816 877 872 elium.
887 814 983 863 nomine
994 813 1135 880 Geiyptrem
1145 814 1164 863 i.
1175 829 1198 865 e.
1215 823 1323 866 ornetunr
1337 817 1404 883 cepi.

304 897 336 947 tie
345 900 495 949 muliebrem
514 907 585 965 etque
596 898 630 948 ite
641 899 726 947 nrnitee
736 897 794 946 eiier
803 895 912 960 regiones
922 895 1032 960 pulchrer
1042 910 1070 944 ee
1081 894 1170 944 fertiiee
1180 896 1212 944 ed
1222 904 1330 946 anetum
1341 899 1403 963 regi·

305 995 343 1028 rue
354 980 433 1030 referri
443 979 586 1044 nomineque
597 978 695 1041 singuiis
706 977 765 1026 iocie
785 992 799 1024 e
819 974 918 1040 cingulie
928 975 1072 1024 crnernentir
1083 974 1200 1039 imponite.
1232 976 1402 1040 Quemnirrem,

308 1059 402 1123 opinor,
413 1061 433 1108 ri
444 1059 497 1124 quir
507 1059 597 1108 diceret
607 1057 731 1106 Arnirtridi
741 1056 825 1105 Xerxir
835 1056 932 1120 quidem
943 1055 1018 1112 uxori,
1029 1056 1090 1120 regin
1109 1063 1187 1106 eutem
1199 1055 1276 1114 metri,
1286 1056 1402 1107 Dinome-

306 1140 362 1188 chcr
372 1139 445 1187 fliium
456 1139 480 1186 in
491 1138 571 1186 enimn
581 1137 668 1186 hebere
678 1153 733 1186 curn
744 1152 787 1184 eun
799 1151 920 1200 pugnerer
939 1151 993 1184 curn
1004 1135 1149 1184 Dinomechi
1163 1137 1332 1202 orneturssedeit
1342 1138 1402 1187 torte

305 1211 477 1282 quinqueginte
483 1216 599 1265 minemrn
608 1233 617 1277 3
634 1216 683 1264 utto
693 1229 748 1264 vern
762 1215 811 1279 egri
822 1217 915 1279 piethre
924 1215 949 1262 in
960 1215 1078 1264 merted·
1096 1214 1173 1264 minor
1190 1230 1261 1279 quem
1278 1225 1400 1267 trecente:

304 1312 356 1346 enm
371 1297 546 1360 edminturem,
557 1311 605 1361 que
615 1312 640 1346 re
649 1296 723 1344 fretun
734 1295 872 1344 Alcib'udee
887 1295 975 1342 undeet
992 1309 1047 1342 cunr
1064 1295 1192 1344 Artaxerxe
1211 1311 1325 1360 pugnero.
1342 1313 1403 1347 reor.

304 1377 426 1440 qneiiinnr
444 1376 615 1434 excitaturum,
626 1378 691 1426 huno
702 1375 776 1424 virum
791 1375 818 1423 in
834 1375 900 1422 nuile
918 1374 964 1422 elie
980 1389 1014 1431 re,
1031 1374 1077 1422 uiri
1093 1374 1217 1438 diligentie
1228 1375 1401 1442 rapiendoque,

303 1458 418 1506 contirum
429 1458 454 1506 id
465 1458 578 1522 eggredi:
596 1459 648 1506 lunc
659 1456 750 1520 quippe
770 1455 820 1504 0010
839 1456 903 1518 epnd
921 1454 1017 1504 omo·
1034 1455 1187 1504 ertimetione
1202 1457 1276 1520 digne
1294 1459 1402 1510 existere.

306 1540 379 1596 Quod
390 1538 480 1587 eiiorte
491 1537 584 1586 endiret
595 1536 745 1586 Alcibiedenr
753 1537 823 1584 irtnnr
835 1544 954 1584 certemen
965 1543 1056 1584 tentum
1067 1536 1135 1594 inire,
1147 1537 1329 1601 primoquidem
1340 1555 1400 1588 non·

305 1619 362 1666 dum
372 1619 476 1682 integror
485 1617 569 1682 viginti
578 1633 653 1666 eonor
663 1623 744 1665 netum
755 1634 761 1664 r
779 1615 867 1664 deinde
884 1615 982 1664 omniun
997 1616 1129 1674 indoctum.
1140 1633 1185 1666 nec
1203 1618 1279 1668 eurico
1289 1635 1332 1668 eun
1343 1621 1400 1670 obe-

307 1698 421 1761 dientem,
431 1697 521 1748 dicenti
538 1697 603 1762 prino
620 1697 759 1746 diccendum
775 1695 988 1760 exercendumque‚
999 1711 1071 1762 quern
1088 1703 1179 1745 tentum
1198 1714 1278 1763 regem
1288 1701 1399 1750 inundet:

307 1778 404 1828 erbiunr
422 1778 486 1826 illem
503 1777 657 1828 edmiretione
677 1778 795 1828 concitem
812 1777 1014 1842 interrogetnrenr,
1025 1779 1138 1844 qnidnenr
1154 1781 1194 1844 nit,
1204 1795 1253 1845 qun
1263 1782 1401 1832 odoieecene

306 1861 352 1908 inte
363 1858 476 1910 confidet.
507 1858 554 1908 Cui
564 1858 584 1908 ti
596 1859 798 1923 responderemus,
810 1857 995 1922 pulchritudine,
1007 1859 1155 1922 proceritete,
1163 1861 1296 1925 nobilitate,
1304 1864 1401 1922 dieitiie,

308 1939 387 1988 enimc
397 1947 422 1987 te
432 1939 519 1988 fidere:
537 1953 591 2002 000,
602 1955 617 1988 0
629 1937 777 2000 Alcimeden,
785 1938 887 1988 inuenire
899 1947 1000 2003 poteret,
1016 1940 1067 1990 trec
1077 1942 1142 2004 epnd
1153 1955 1208 1990 0000
1218 1942 1297 1991 omnin
1307 1945 1399 2007 podere

308 2019 467 2084 oonrpiciene.
492 2017 632 2084 Eodemque
642 2021 715 2069 modo
727 2019 899 2085 Lempidonem
911 2019 1066 2086 Leotychide
1076 2021 1157 2080 ettam,
1174 2021 1248 2087 [124]
1264 2022 1400 2073 Archidemi

307 2116 362 2150 vero
373 2115 476 2162 uxorem,
486 2099 571 2162 Agidie
580 2107 659 2150 eutem
668 2109 773 2158 metum,
784 2100 827 2165 qui
837 2115 919 2150 omner
929 2117 995 2165 reges
1006 2101 1124 2166 exrtitere,
1134 2103 1274 2160 miretnrem,
1290 2119 1344 2152 cnm
1355 2121 1399 2153 no·

306 2181 337 2228 rit
346 2179 425 2244 quelle
435 2181 498 2230 circe
508 2195 533 2229 re
544 2188 609 2238 runt,
620 2188 646 2228 te
655 2187 703 2228 tern
717 2179 778 2228 mele
797 2181 937 2229 inctructum
947 2179 997 2228 utto
1008 2197 1051 2229 ruo
1061 2197 1110 2230 non
1120 2181 1227 2231 dubitere
1238 2182 1325 2232 bellurn
1334 2184 1400 2232 iudi·

306 2275 368 2308 cere.
400 2259 477 2323 Atqui
487 2275 567 2308 noune
578 2267 647 2325 turpe
657 2258 791 2316 ridetur,ei
809 2259 912 2309 hortium
932 2260 1039 2310 mulieree
1057 2261 1142 2310 rectior
1159 2263 1189 2310 de
1208 2263 1276 2311 nobie
1285 2264 1400 2326 sentiunt,

306 2355 376 2404 quern
388 2355 432 2387 nor
441 2339 498 2404 ipei,
507 2339 705 2403 quemadmodum
715 2345 798 2389 contre
807 2339 862 2388 ilice
872 2355 916 2388 noe
931 2340 995 2404 ipeor
1011 2341 1133 2406 eccingme
1152 2341 1297 2391 debeernue?
1329 2344 1401 2392 Ceto

307 2435 367 2476 rum,
378 2435 393 2467 0
404 2420 482 2482 beete,
493 2419 551 2468 milri
562 2433 655 2484 perenn,
666 2427 692 2468 et
702 2419 746 2477 illi,
756 2419 820 2483 quod
832 2419 857 2467 in
874 2418 977 2483 Delphin
993 2429 1038 2476 eet,
1048 2421 1219 2484 epigrenrnreti
1229 2421 1309 2472 Noece
1323 2430 1348 2471 te
1362 2423 1400 2486 ip·

308 2514 358 2548 eum
370 2517 376 2547 ε
393 2499 503 2563 quoniern
514 2498 531 2546 ii
542 2506 597 2548 eunt
607 2499 731 2548 edeorrerii
743 2500 824 2557 nurui,
835 2515 883 2548 uon
892 2515 952 2564 quor
962 2499 1013 2563 ipre
1023 2500 1127 2552 rebeuier
1143 2515 1204 2565 0000
1221 2501 1316 2565 quidem
1336 2501 1401 2550 nuile

307 2597 332 2629 re
343 2581 398 2634 elin,
410 2579 455 2628 nisi
467 2579 582 2628 industrie
592 2589 618 2629 et
630 2588 688 2636 erte.
699 2595 807 2644 euperere
819 2595 950 2644 pontumue.
967 2580 1053 2644 quibut
1070 2582 1178 2646 proiecto
1188 2582 1209 2629 ri
1219 2581 1313 2630 inierint
1322 2582 1401 2638 inerit,

308 2660 381 2724 glorie
392 2675 487 2726 quoquc
497 2661 561 2724 epud
573 2660 669 2711 Gmcor
679 2669 705 2710 et
714 2661 828 2710 Berberor
839 2661 882 2710 tibi
893 2661 985 2710 deeritr
1004 2676 1075 2726 quem
1092 2662 1126 2710 tic
1143 2664 1252 2711 erdeuoer
1261 2663 1347 2713 viderie
1357 2679 1399 2727 ep·

308 2747 397 2804 petere,
409 2749 435 2788 ut
446 2757 515 2790 uerno
528 2757 630 2806 0000000
645 2742 734 2806 eiiqnid
746 2743 866 2792 eudemius
882 2742 1053 2806 concupiverit.
1086 2741 1136 2790 An.
1152 2743 1230 2800 Quem
1241 2742 1400 2808 igiturcnrem

308 2821 466 2870 adhibendem
478 2837 569 2880 center,
581 2824 729 2872 oSocreter?
764 2824 801 2872 dn
813 2830 882 2888 poter
893 2823 1035 2872 oetendere?
1052 2822 1110 2872 mihi
1120 2823 1182 2872 eninr
1193 2839 1263 2888 rupre
1273 2839 1343 2888 quern
1352 2825 1400 2874 diei

308 2901 456 2965 pertitam
471 2901 558 2951 diriore
567 2904 661 2953 viderie.
693 2904 735 2955 80.
753 2905 852 2953 Poenum
870 2903 975 2968 quidem.
992 2919 1071 2952 return
1091 2904 1210 2952 communi
1229 2905 1329 2953 coneilio
1339 2921 1399 2970 opur

309 2989 354 3037 est,
365 2997 412 3045 que
423 2983 513 3031 untione
521 2997 591 3046 quern
603 2984 687 3047 optimi
699 2984 833 3034 efficiemur.
850 2999 896 3048 rgo
906 2983 970 3032 euim
981 2999 1029 3031 non
1040 2992 1063 3032 te
1074 2991 1174 3041 tentum,
1186 2999 1264 3032 rerum
1274 2985 1345 3033 etiem
1362 3003 1399 3036 me

308 3063 436 3125 discipline
446 3063 551 3126 indigere
561 3064 625 3115 dico.
641 3079 696 3112 nem
706 3079 779 3112 unum
790 3065 865 3112 coium
876 3071 922 3121 ert,
931 3065 1140 3128 quoetediffero.
1172 3063 1221 3113 Ar..
1239 3065 1322 3122 Quid?
1354 3067 1399 3116 80.

309 3142 409 3191 Curetor
420 3158 485 3191 meur
495 3143 577 3192 melior
587 3151 623 3192 eet
640 3151 665 3192 et
681 3144 810 3207 sapientior
825 3160 896 3208 quem
917 3151 972 3192 tuuc
992 3144 1102 3193 Periclen.
1134 3144 1181 3192 An.
1199 3145 1259 3202 Quin
1270 3144 1317 3203 hic,
1328 3162 1344 3193 o
1353 3147 1399 3194 80-

308 3223 400 3270 cretes?
433 3223 478 3272 80.
495 3221 571 3279 Dent,
582 3240 597 3272 0
608 3223 754 3282 Alcibiedee,
766 3223 807 3289 qui
818 3239 856 3273 me
868 3225 942 3272 vetuit
952 3231 1008 3272 ente
1023 3225 1086 3273 hune
1102 3224 1164 3272 diem
1175 3231 1252 3272 tecum
1270 3224 1398 3274 direcrere:

308 3303 346 3350 cni
358 3302 457 3351 credent
467 3317 545 3352 eutero
556 3311 579 3354 te
592 3319 633 3366 per
643 3304 735 3352 nulium
745 3304 827 3362 elium,
837 3305 883 3352 nini
892 3320 934 3368 per
944 3319 991 3363 rue,
1002 3303 1129 3353 cleritatem
1139 3311 1327 3354 contecutururn.
1352 3305 1402 3354 An.

308 3381 430 3439 Joterir‚o
441 3371 557 3434 Socraten.
589 3385 631 3434 80.
647 3385 770 3434 Fortiten:
788 3401 843 3434 rere
862 3393 942 3434 temen
960 3369 1128 3450 ioquorsquod
1148 3387 1217 3434 embo
1233 3385 1353 3434 curetione
1363 3387 1401 3433 in·

308 3462 431 3526 digemurt
448 3463 520 3512 immo
537 3465 644 3514 homines
664 3466 773 3523 unicani,
785 3473 888 3516 ceterum
909 3465 1166 3531 nosquempiurirnum.
1197 3465 1247 3514 Ar..
1265 3467 1336 3523 Quod
1347 3467 1401 3530 qni·

307 3542 361 3588 dem
380 3558 425 3606 ego
443 3542 571 3608 indigeam,
592 3546 774 3610 haudquaquam
796 3547 908 3595 mentiris.
941 3546 983 3594 80.
1001 3545 1086 3609 Neque
1102 3546 1183 3609 etiem,
1196 3547 1260 3610 quod
1277 3561 1322 3610 ego
1340 3547 1401 3611 ipre.

308 3619 356 3670 Au.
374 3623 440 3679 Quid
446 3623 522 3694 ⁸igitur
532 3625 666 3688 egendum?
698 3626 742 3675 80.
759 3625 813 3676 Nec
823 3626 988 3682 haesitandum,
998 3641 1075 3690 neque
1080 3625 1151 3674 etiem
1163 3626 1267 3674 mollitie
1276 3626 1401 3691 induigen-

307 3702 364 3748 dum
375 3710 421 3765 ert,
432 3719 447 3751 ο
457 3705 541 3754 emine.
575 3703 626 3754 An.
643 3704 700 3753 Non
711 3706 790 3764 decet,
800 3722 815 3754 o
827 3707 945 3756 Socrnter.
977 3706 1021 3754 So.
1039 3704 1095 3754 Nou
1112 3714 1193 3754 certe:
1211 3707 1252 3754 red
1264 3706 1331 3754 simul
1343 3721 1402 3754 con-

307 3781 465 3830 riderendurn.
500 3785 589 3834 Verum
599 3785 640 3834 dic
656 3785 724 3841 mihi,
742 3801 773 3832 en
791 3786 876 3850 optimi
895 3801 946 3835 0000
969 3785 1093 3834 volumus?
1126 3785 1176 3835 An.
1200 3785 1277 3836 Certe.
1310 3787 1353 3835 8ο.
1371 3786 1402 3833 In

308 3875 357 3922 000
367 3860 496 3910 intuitete?
529 3863 579 3914 Ar..
596 3865 652 3922 Qun
663 3865 773 3914 videlicet
784 3866 825 3914 riri
843 3867 907 3915 boni.
941 3867 985 3916 80.
1003 3866 1112 3923 Quenem
1129 3866 1153 3913 in
1172 3881 1195 3914 rc
1208 3865 1272 3913 boni.
1304 3864 1353 3916 Ar..
1370 3866 1401 3914 In

308 3940 490 4000 rebustgettdit·
523 3943 565 3992 80.
582 3943 611 3990 In
630 3945 733 4008 quibuti
751 3961 808 3992 num
825 3946 850 3992 in
867 3947 968 4010 equentri
985 3946 1101 4009 negotio?
1135 3945 1184 3996 An.
1202 3945 1267 3995 Non.
1300 3945 1342 3994 80.
1361 3945 1400 3993 Ad

309 4026 428 4080 equertrce
438 4020 501 4066 enim
512 4021 605 4071 iremue.
639 4025 688 4073 An.
705 4025 824 4076 Proiecto.
857 4026 898 4075 80.
916 4027 1032 4091 Nunquid
1044 4027 1067 4073 iu
1079 4025 1145 4073 nevis
1155 4025 1324 4089 gubernatione
1334 4026 1400 4073 dice·

310 4099 369 4146 bne?
402 4097 452 4147 An.
477 4099 643 4165 Nequnquem.
675 4106 718 4154 80.
734 4106 773 4154 Ad
791 4115 875 4156 neuter
895 4107 958 4155 euim
979 4108 1072 4155 iremus.
1106 4105 1155 4155 An.
1179 4107 1276 4154 Irenrur.
1308 4107 1351 4155 80.
1369 4105 1400 4154 In

309 4193 357 4240 000
375 4193 429 4242 ergo
449 4181 553 4243 negotio,
564 4188 589 4229 et
606 4198 706 4246 quorum
724 4186 844 4235 hominum
861 4186 957 4236 officio?
990 4187 1039 4237 An.
1057 4184 1087 4232 In
1104 4185 1141 4241 iir,
1152 4201 1205 4249 qute
1222 4185 1279 4234 cieri
1297 4186 1401 4250 bonique

308 4257 490 4314 Atheniensium
501 4261 542 4308 tiri
553 4269 635 4326 egunt·
667 4265 707 4313 80.
725 4267 807 4316 Cieros
825 4267 897 4332 [186]
913 4283 940 4316 ec
952 4268 1026 4314 bonor
1038 4267 1232 4329 prudenterueerr
1241 4265 1403 4329 imprudenter

308 4339 432 4403 eppelier?
464 4339 515 4390 An.
533 4339 672 4394 Prudenter.
706 4348 749 4395 8ο.
766 4347 795 4395 In
806 4363 854 4412 quo
865 4347 966 4410 quinque
978 4346 1090 4410 prudens,
1100 4346 1126 4394 in
1137 4346 1220 4394 eodem
1233 4347 1324 4394 bonne?
1350 4347 1403 4397 An.

308 4419 386 4467 Certe·
419 4419 461 4470 80.
479 4419 618 4486 Imprudeur
633 4434 710 4475 entcnr
733 4427 825 4476 melun?
857 4427 906 4477 An.
926 4427 1015 4476 Melus.
1048 4427 1094 4476 80.
1110 4426 1248 4475 Ceiceorum
1266 4434 1331 4474 rotor
1346 4443 1404 4491 pru-

309 4499 367 4546 dens
378 4500 408 4548 nd
420 4500 551 4552 calceorum
563 4507 640 4570 oper?
674 4507 722 4557 Ar..
739 4508 845 4559 Proreus.
878 4509 921 4559 80.
939 4509 1022 4558 Bonus
1033 4523 1090 4572 ergo
1101 4505 1132 4557 e'd
1143 4508 1210 4556 hcc?
1244 4506 1294 4556 An.
1311 4507 1405 4558 Bonus.
