3102 5312
147 523 221 604 roo]
497 520 553 580 ou
574 518 747 578 seorsus
778 516 853 578 irs.
876 521 913 576 x.
1170 520 1226 582 rrr

141 677 199 727 Cur.
212 677 370 742 Nequsqusur
387 675 425 724 bic
439 675 637 724 sennolerendus
648 682 701 722 est:
719 671 794 737 etqui
804 673 849 722 lrso
865 672 979 736 opinione
998 674 1096 731 isbortst,
1104 675 1229 740 implorum

140 760 242 808 omnium
249 759 302 824 jure
312 759 427 822 pessimus
438 765 462 806 et
472 756 648 820 prolenisriurus
656 754 807 819 judioebitur.
841 752 944 802 Aruns.
961 755 1016 802 Tris
1032 755 1104 818 igitur
1113 757 1162 812 ille,
1173 773 1227 820 qum

142 841 315 902 proposuimus,
332 838 399 886 Deos
414 837 526 886 videlieet
542 851 603 891 esee.
620 836 772 898 omniumque
787 849 869 882 curem
885 833 979 890 hebere,
995 851 1041 883 nec
1052 837 1229 902 preterjusturu

141 919 250 984 precibus
260 919 315 968 ull'u
325 919 390 968 liecti
399 933 478 983 posse,
488 917 631 966 sufficienter
641 916 774 966 ostendisse
786 915 899 964 ridemur.
931 913 990 962 Cur.
1005 917 1077 964 Certe
1087 933 1093 963 ε
1111 925 1135 966 et
1143 918 1230 966 hisnos

139 1001 269 1050 rationibus
284 1000 433 1050 sesentiruus.
465 999 569 1048 Aruns.
586 998 756 1048 Vehementius
771 993 945 1060 quodummodo
960 1004 1056 1059 propter
1070 997 1229 1062 improborum

140 1082 259 1130 bominum
269 1081 439 1130 controversiis
450 1079 559 1128 diximus.
577 1077 620 1126 sed
630 1081 673 1128 irsc
682 1078 712 1126 de
722 1093 802 1133 muse,
819 1091 834 1124 o
851 1077 926 1126 smice
938 1076 1024 1132 Clinia,
1035 1079 1182 1128 contentiose
1192 1081 1229 1128 usi

142 1177 223 1210 sumus
232 1163 347 1219 endere,
357 1178 388 1210 ne
398 1162 473 1226 presi,
484 1161 587 1210 dicendo
596 1175 621 1208 se
633 1159 715 1208 vicisse
726 1167 846 1222 putentes,
857 1159 976 1222 licentiam
988 1159 1033 1206 ribi
1044 1159 1123 1208 dunum
1131 1159 1231 1208 eredunt

141 1243 254 1298 lbcleudi.
270 1257 418 1308 quecunque
435 1241 517 1297 velint,
534 1247 559 1288 ct
575 1241 747 1304 qualiacunque
763 1239 875 1288 adversus
891 1238 959 1288 Deos
968 1239 1104 1288 existiment
1113 1239 1230 1292 edente

139 1325 195 1379 isse,
206 1324 311 1389 inqusm,
319 1324 351 1374 de
362 1339 432 1372 ceusu
442 1338 502 1372 nors
514 1323 614 1386 qusdsm
624 1329 650 1370 et
660 1320 824 1369 vehementiori
839 1320 937 1370 dicendi
951 1321 1042 1370 ustione
1057 1321 1093 1368 uti
1108 1321 1232 1392 voluimus.

141 1405 237 1468 quodsi
246 1406 305 1470 quid
316 1406 346 1454 sd
357 1404 534 1468 percussionem
542 1402 671 1458 attulimus,
683 1411 710 1450 ut
723 1401 774 1465 jum
784 1400 859 1450 veliet
868 1417 945 1451 mores
955 1417 1009 1450 suos
1019 1401 1097 1450 odisse
1107 1409 1133 1450 et
1142 1410 1234 1450 contre-

139 1487 187 1536 rios
208 1487 342 1550 complecti.
364 1486 435 1549 probe
456 1484 524 1534 nobie
543 1484 665 1532 esordium
686 1484 766 1546 legum
782 1483 814 1531 de
834 1483 957 1546 impietate
978 1482 1067 1532 dictum
1086 1489 1131 1531 est.
1170 1483 1230 1532 Csr.

140 1568 272 1632 Speremus
291 1569 324 1614 its
339 1568 397 1616 lore.
412 1567 449 1614 siu
465 1566 549 1622 miuus,
567 1575 592 1614 st
608 1580 682 1628 genus
697 1565 810 1612 oretiouis
826 1564 973 1628 legumlatori
989 1563 1097 1612 dedecori
1113 1579 1162 1612 non
1178 1563 1232 1612 erit.

140 1647 251 1696 Aruns.
269 1647 327 1696 Post
335 1647 457 1696 exordium
469 1662 554 1704 sermo,
565 1648 643 1710 legum
656 1645 778 1710 interpres,
786 1655 850 1694 recte
858 1646 977 1709 sequitur:
989 1645 1030 1709 qui
1037 1645 1232 1709 impiisomuibus

137 1729 266 1791 predicet.
276 1738 303 1776 ut
313 1744 329 1776 s
338 1728 497 1778 sulsmoribus
507 1728 538 1785 ed
550 1728 663 1792 pleuresi
674 1743 726 1776 sese
736 1735 881 1777 couverterit.
898 1725 1010 1776 udrersur
1026 1741 1068 1776 eos
1082 1735 1169 1782 sutem,
1186 1726 1229 1788 qui

141 1823 189 1857 uon
214 1809 340 1872 peruerint,
362 1810 400 1858 lex
423 1809 467 1858 ists
489 1811 520 1858 de
538 1810 662 1873 impietste
680 1819 791 1874 ponetur.
806 1809 825 1858 si
843 1809 897 1873 quis
912 1809 984 1872 impie
1002 1809 1125 1872 quicquum
1137 1807 1234 1871 egitvsl

141 1889 259 1954 loquitur,
266 1891 307 1953 qni
314 1889 374 1938 ior-te
383 1883 570 1954 pressussueiit¹
580 1891 647 1940 Deos
655 1890 769 1940 desendet
779 1889 995 1953 magistratibusque
1003 1888 1127 1952 significet.
1135 1901 1236 1952 quornm

143 1972 183 2032 qui
201 1969 272 2033 primi
288 1969 414 2026 tudier-int,
430 1973 461 2020 ud
478 1973 559 2020 herum
576 1987 651 2021 rerum
665 1973 784 2036 judicium
794 1971 923 2020 secundum
935 1972 1001 2034 leges
1011 1969 1124 2018 riderent.
1140 1968 1236 2032 quodsi

144 2052 197 2113 quis
209 2051 359 2114 megirtrstm
368 2053 472 2102 eudierit
481 2069 559 2118 neque
570 2053 689 2110 detulerit,
697 2054 750 2118 ipse
760 2051 889 2117 impietatis
899 2067 954 2100 reus
964 2052 1013 2106 list,
1024 2059 1057 2107 et,
1068 2051 1108 2115 qui
1118 2051 1184 2106 velit,
1192 2065 1235 2115 pro

143 2131 235 2182 ultione
247 2133 325 2196 legum
336 2141 498 2197 pmsequstur.
514 2135 569 2182 etsi
579 2135 633 2199 quis
642 2134 810 2183 condemnetur
820 2133 897 2189 tuerit.
911 2131 1006 2197 judices
1015 2133 1077 2182 buno
1086 2147 1129 2195 pro
1139 2130 1236 2195 siugulis

144 2212 220 2275 impie
235 2213 366 2262 commissis
380 2215 480 2276 m'ngulis
494 2215 626 2279 quibusque
643 2215 747 2264 efficiunt
763 2214 892 2278 suppliciis.
909 2211 981 2278 [998]
998 2213 1128 2262 cumesses
1138 2212 1235 2277 quidem

147 2306 231 2340 omnes
252 2303 413 2342 memoretu-
427 2308 474 2343 tres
491 2311 545 2342 scre
556 2304 612 2344 suut
620 2297 647 2344 irs
657 2297 753 2344 cisitete
764 2310 871 2344 cutmen
882 2312 888 2340 r
905 2311 975 2351 uuus,
986 2293 1090 2358 plurimis
1098 2293 1238 2350 communis,

144 2369 171 2418 in
180 2371 233 2419 iero
242 2385 320 2418 reruni
331 2372 456 2426 venetium,
472 2374 513 2420 ubi
525 2375 603 2430 multi,
612 2389 643 2424 ue
653 2373 754 2438 lugiunt.
762 2376 933 2431 custodiuntur,
945 2375 1011 2432 ulter,
1023 2375 1063 2422 nbi
1071 2385 1146 2422 emtus
1157 2388 1236 2422 eorum

147 2452 185 2512 dt,
194 2451 492 2515 quiuoctecongregentsu.
499 2455 649 2500 correctionis
657 2454 751 2502 nornine
759 2456 906 2518 sppellutus:
915 2454 1127 2510 terdur,iumediu
1135 2455 1239 2517 regione,

147 2531 189 2580 ubi
207 2547 278 2595 qusm
294 2532 391 2580 menime
407 2532 515 2580 desem
531 2530 692 2594 erroresque
709 2532 776 2580 locus
785 2542 835 2596 ests
848 2533 957 2595 supplicii
967 2533 1061 2581 nomine
1072 2541 1175 2584 notetus.
1192 2541 1241 2584 tres

148 2627 246 2678 qnoque
256 2597 394 2678 impietatis,
403 2621 431 2662 ut
440 2627 511 2676 supre
522 2612 674 2667 nsrrsviruus,
685 2627 762 2660 csusss
772 2620 835 2662 suut.
850 2627 951 2676 cumque
961 2627 992 2660 es
999 2613 1099 2678 singulis
1108 2615 1240 2680 hujumodi

150 2695 231 2743 csusis
249 2693 296 2742 duo
314 2693 421 2758 quedem
438 2693 624 2757 proficiscentur,
645 2703 764 2768 pessmus
782 2695 894 2742 sdvernu
911 2693 977 2742 Deos
988 2707 1074 2758 genere
1083 2705 1241 2760 peccaturus,

149 2791 213 2840 ques,
224 2783 251 2822 ut
261 2773 430 2838 dijudicentur.
441 2773 513 2837 digus
524 2781 587 2830 suut,
603 2789 649 2823 uec
665 2774 751 2838 mqrmli
766 2775 884 2838 similique
900 2790 971 2838 pmue
986 2775 1103 2840 indigent.
1120 2793 1175 2827 nem
1191 2780 1243 2836 elii,

149 2855 259 2920 quemvis
275 2855 340 2902 Deos
356 2870 408 2904 esse
426 2871 473 2904 nou
488 2853 594 2911 creduut,
611 2863 689 2904 tumen
705 2863 802 2919 propter
814 2856 903 2920 justum
918 2856 1121 2920 sliquemnetqrre
1131 2859 1241 2910 effectum

149 2935 227 2985 nrslos
245 2934 344 2984 odorum
362 2945 387 2984 et
407 2935 579 3000 odio'quodsm
597 2935 708 2984 sdrersus
727 2935 867 2999 injustitiem
886 2937 945 2986 moti
962 2938 992 2986 sb
1008 2937 1100 3002 injuriis
1115 2942 1243 2998 ebsdneut,

149 3018 248 3080 iniquos
257 3016 358 3080 lugiunt,
365 3017 442 3082 justos
452 3017 559 3066 homiues
568 3017 677 3082 diligunt.
695 3017 735 3066 slii
746 3032 802 3066 vero
818 3018 848 3065 nd
859 3019 1080 3082 susceptricem,
1097 3023 1160 3086 quod
1177 3023 1243 3072 Deo·

150 3114 204 3148 rum
216 3098 338 3162 presentis
349 3098 462 3148 destitute
469 3099 548 3147 ornnis
557 3098 611 3154 siut,
619 3099 741 3162 proniores
746 3113 841 3162 quoque
849 3099 878 3147 sd
886 3101 1019 3163 voluptates
1027 3100 1166 3166 doloresque
1174 3111 1243 3150 sunt:

152 3179 263 3228 scumirre
274 3180 379 3228 etismet
390 3181 502 3228 merueris
511 3180 613 3243 pollent.
630 3180 734 3242 utrisque
743 3178 949 3235 idestcommuue,
966 3188 993 3228 ut
1000 3196 1052 3229 esse
1063 3180 1131 3230 Deos
1139 3191 1243 3246 negent:

150 3262 179 3310 iu
199 3262 246 3309 boc
264 3269 342 3309 eutem
365 3261 485 3319 differunt,
501 3261 563 3324 quud
579 3259 663 3310 ceteris
681 3259 814 3308 homiuibus
830 3259 873 3307 ills
892 3261 978 3317 minus,
995 3261 1033 3310 lric
1048 3261 1101 3324 plus
1111 3271 1188 3312 uocet.
1203 3263 1245 3312 ills

153 3341 252 3405 quidem
270 3341 341 3390 libere
358 3341 470 3390 sdversns
486 3341 561 3398 Deos,
577 3340 701 3397 mucis,
714 3339 882 3404 jusjurandum
893 3341 1045 3405 obloquiturs
1060 3349 1130 3405 etque
1140 3343 1175 3391 its
1184 3344 1245 3393 ulios

154 3421 297 3479 deridendo,
308 3422 355 3470 uisi
367 3425 483 3487 punimur,
495 3424 580 3470 multos
589 3421 669 3470 lorseu
679 3421 724 3470 sibi
738 3422 825 3470 similes
833 3421 912 3471 tucior.
928 3423 967 3472 bio
987 3437 1044 3472 vero
1060 3422 1161 3471 enodem
1177 3423 1248 3473 hebet

153 3505 302 3568 opinionem,
318 3503 362 3552 sed
378 3504 460 3554 seriori
476 3503 572 3568 ingenio
589 3503 703 3568 predium
719 3504 789 3568 uulgo
799 3511 904 3568 putetur,
913 3502 1014 3568 doloque
1025 3511 1050 3552 et
1060 3503 1152 3552 insidiis
1163 3504 1248 3568 plenus

153 3593 199 3634 est.
218 3599 247 3634 err
263 3585 315 3632 istis
327 3585 393 3634 molti
405 3585 509 3650 sortilegi
519 3584 587 3642 liunt,
597 3593 621 3634 et
632 3585 662 3632 sd
674 3600 742 3634 omne
753 3583 862 3632 veneficii
873 3584 1028 3650 meleficiique
1046 3600 1121 3649 genus
1138 3586 1249 3648 prorupti.

155 3667 219 3716 tunt
235 3674 349 3729 prmteree
366 3681 396 3714 er
412 3667 465 3716 istis
480 3681 648 3730 uounuuqusm
665 3667 767 3732 tyranni,
778 3666 923 3716 exercituum
934 3666 1015 3722 duces,
1026 3667 1212 3725 couciouetores,
1223 3674 1250 3716 et

154 3749 197 3811 qui
214 3747 399 3796 solemnitatibus
416 3748 515 3812 privetis
530 3747 681 3806 insidientur,
697 3755 722 3796 et
741 3748 783 3811 qui
801 3747 908 3796 homiues
926 3747 1083 3810 csptiuurulis
1092 3747 1249 3810 sophisticum

154 3828 288 3891 decipiunt.
305 3831 386 3877 borum
396 3830 503 3894 prolecto
514 3829 592 3878 multer
601 3829 697 3892 quidem
709 3837 763 3877 sunt
773 3829 881 3892 species:
900 3827 943 3876 scd
952 3829 1032 3891 legum
1042 3827 1161 3892 positione
1170 3827 1248 3892 digere

155 3909 221 3958 dure.
236 3923 335 3972 qusrunr
351 3925 404 3972 qn·
421 3909 607 3959 dissimuletione
622 3909 710 3958 referte
720 3917 764 3966 est,
782 3910 871 3958 scelere
881 3909 952 3973 perit,
961 3923 1008 3957 nou
1017 3923 1064 3957 uus
1071 3917 1161 3958 tuntum
1173 3916 1246 3958 morte

155 3990 195 4037 vel
218 3988 310 4036 duabus
331 3989 411 4054 digus,
432 3993 474 4039 sed
494 3991 614 4055 pluribus:
632 3991 706 4040 altere
727 3990 883 4055 csstigetioue
902 3989 971 4038 simul
990 3999 1016 4037 et
1029 3990 1131 4038 uinculis
1150 3991 1251 4056 indiget.

157 4069 269 4118 similiter
278 4071 367 4134 opinio,
378 4087 425 4136 que
436 4071 479 4120 Dii
489 4072 638 4136 negligentes
645 4073 817 4126 existimentur,
829 4069 877 4120 duo
887 4071 979 4135 giguit:
997 4079 1029 4127 et.
1046 4087 1092 4135 qus
1109 4071 1179 4120 leeile
1191 4074 1253 4121 rotis

157 4150 340 4216 muneribusque
352 4153 489 4216 plectibiles,
499 4153 546 4202 slis
556 4152 612 4204 duo.
624 4155 720 4204 curuits
727 4152 795 4216 impii
803 4152 912 4200 distincti
919 4153 976 4208 siut,
984 4167 1025 4200 eos
1034 4151 1139 4216 quidem,
1151 4153 1190 4216 qui
1202 4167 1251 4201 uon

157 4231 230 4280 mulis
239 4233 349 4289 moribus,
359 4234 403 4282 sed
413 4235 517 4282 eruentis
524 4233 625 4298 quedem
633 4235 694 4282 tslee
702 4233 757 4282 fecti
767 4241 831 4291 suut,
840 4235 865 4281 iu
875 4233 1025 4284 correctionis
1032 4249 1158 4296 carcerem,
1176 4232 1250 4302 [999]

155 4329 205 4362 uou
227 4313 305 4363 miuus
323 4330 392 4379 quum
412 4308 599 4380 quinquennium
618 4329 791 4380 permansuros,
810 4313 884 4378 judex
904 4315 1022 4381 conjiciet.
1038 4331 1086 4380 quo
1100 4315 1127 4362 iu
1147 4322 1253 4376 tempore

156 4395 239 4444 nullus
246 4409 301 4444 otuu
310 4395 368 4460 ipsis
378 4395 465 4444 cisium
476 4397 623 4462 colloquetur
630 4403 715 4460 prester
724 4409 773 4452 eos,
782 4397 824 4460 qui
834 4396 943 4446 nocturni
953 4405 1027 4445 cretus
1043 4395 1171 4459 participes
1187 4401 1251 4442 snut.

156 4475 183 4524 bi
195 4489 252 4524 sero
264 4477 419 4526 edmonentm
427 4475 457 4525 sd
469 4478 569 4526 sulutem
579 4478 664 4526 eninm
671 4476 844 4540 colloquentur.
853 4494 909 4526 curu
918 4487 995 4526 eutem
1005 4477 1149 4524 uinculorum
1157 4483 1253 4540 tempus

158 4565 268 4648 esscturp
279 4557 359 4616 luerit,
371 4559 412 4624 qui
422 4558 549 4609 modestior
559 4559 635 4608 iectus
644 4565 688 4615 est,
698 4573 745 4607 uns
757 4575 810 4608 cuur
821 4559 934 4608 modestis
945 4559 1035 4608 bebitet
1049 4575 1054 4603 :
1073 4555 1135 4621 quod
1147 4557 1167 4605 ri
1177 4571 1254 4608 rursus
