3110 5320
308 525 379 585 roa·
752 521 949 616 rotronis
1320 527 1408 604 [ιιι-

245 653 250 668 ’
304 695 354 730 suan
363 677 647 743 pose-'noess‚soriqoe
655 685 680 724 et
687 675 877 740 segutieupisn
889 693 894 724 r
906 677 972 742 quod
983 677 1103 727 reminest
1111 693 1205 727 sumum
1215 687 1239 728 et
1247 689 1397 744 argenteum,

304 758 1400 826 qussisoninapl,sedopnlentsnstnrs,sdvirtutemstatmoqoepristinurmpapnsntisuero

305 841 439 890 issieenset
450 839 473 888 in
484 840 599 889 coenaria
610 840 751 888 retssbentis
759 841 783 886 ln
792 841 898 887 vmedium
904 839 999 887 tsndmn
1011 840 1163 903 mareotam,
1172 851 1198 889 at
1208 843 1288 890 divisis
1298 843 1358 906 apris
1374 852 1404 891 et

305 921 416 970 donibus
425 921 535 984 prino’nr
544 935 646 984 qunque
662 919 843 982 possideantur:
861 919 894 966 illi
907 935 971 976 seso,
981 922 1021 984 qui
1033 929 1087 968 ante
1097 923 1127 969 ab
1143 922 1177 970 eis
1188 924 1336 970 sesrsbsntur
1347 933 1401 971 tsn-

305 1017 376 1068 qoam
389 1002 464 1058 liberi,
476 1001 546 1050 amici
565 1009 590 1049 et
608 1001 741 1056 nutritores,
760 1003 784 1048 in
802 1001 935 1049 servitsrtem
951 1002 1095 1064 redigantur,
1111 1011 1136 1050 et
1153 1003 1218 1052 velus
1230 1003 1316 1051 subditi
1328 1011 1404 1067 atque

305 1085 366 1134 sessi
377 1083 433 1131 belli
444 1083 606 1146 custodiaque
617 1083 719 1145 ipsoram
730 1099 809 1130 coram
822 1095 900 1145 gerere
910 1082 1090 1144 compellantur.
1123 1083 1209 1132 Grau.
1227 1084 1290 1132 iline
1300 1092 1323 1131 et
1341 1084 1404 1132 mibi

303 1173 368 1214 carte
379 1165 471 1212 ridetur
482 1164 580 1212 mutatio
598 1165 649 1211 lasse
659 1164 780 1212 secedere.
814 1163 857 1212 So.
874 1161 934 1210 Her
951 1163 1033 1226 ntique
1050 1162 1188 1226 gubernatio
1204 1165 1265 1212 intur
1275 1165 1403 1228 optimates

304 1254 330 1296 et
348 1259 476 1309 psscororn
494 1245 625 1308 potentiam
643 1245 687 1292 erit
705 1245 790 1292 media.
823 1244 912 1292 Gaao.
929 1243 980 1290 Erit
995 1251 1065 1292 certe.
1099 1245 1142 1291 So.
1160 1244 1291 1292 blutabitnr
1301 1245 1399 1306 quidem

305 1325 347 1376 lta.
363 1340 418 1374 corn
428 1341 483 1374 reso
493 1325 517 1372 in
528 1325 554 1371 id
565 1323 636 1372 luerit
648 1331 786 1387 penuutsts.
798 1339 867 1388 qoem
879 1323 1024 1387 potissimam
1033 1324 1208 1388 gubernationis
1219 1327 1310 1373 modum
1319 1341 1400 1374 serra-

304 1408 359 1457 bit?
393 1405 439 1456 Vel
456 1405 632 1467 oonstst,quod
653 1403 736 1468 partim
749 1403 847 1466 priorem
866 1419 912 1451 rens
933 1403 1200 1466 publicanrimitabitrrr,
1218 1406 1401 1468 partimpanco·

305 1503 356 1538 roos
368 1486 509 1550 potentiana,
518 1493 602 1546 utpote
613 1499 666 1547 qaae
677 1483 702 1530 in
714 1483 792 1531 rnedio
805 1483 881 1530 locata
891 1491 936 1539 est,
948 1483 1031 1546 partim
1040 1484 1108 1530 etianr
1117 1485 1229 1546 quiddam
1237 1485 1399 1548 suipropriurn

305 1565 439 1618 obtinebit?
473 1563 615 1613 Garmias
631 1579 731 1626 prorsus.
764 1563 807 1611 So.
826 1561 856 1609 Et
873 1563 971 1626 priorem
989 1563 1084 1626 quidero
1100 1564 1260 1611 imitabitus'rn
1277 1579 1314 1621 eu,
1329 1568 1398 1628 quud

306 1649 426 1714 principes
444 1645 629 1706 honorabuntur,
646 1653 671 1692 et
689 1645 773 1692 militer
790 1644 821 1691 ab
837 1641 976 1707 agricultum
996 1646 1181 1708 mechaniclsque
1201 1645 1287 1693 artibus
1303 1655 1326 1694 et
1343 1647 1401 1696 allia

305 1729 436 1794 questibus
454 1725 614 1780 abstinebunt,
632 1733 657 1772 et
675 1725 809 1773 communia
824 1725 882 1772 tient
899 1726 1016 1780 conuiuia,
1034 1725 1222 1790 gymnasticiqse
1238 1726 1287 1774 lodi
1307 1733 1331 1774 et
1342 1727 1401 1776 belli

306 1807 435 1859 certamina
445 1805 661 1868 frequentabantur.
696 1805 783 1854 Geso.
800 1803 921 1852 Proiecto.
953 1806 997 1852 So.
1014 1806 1139 1854 Suisuteru
1151 1807 1225 1869 ipsius
1235 1807 1403 1871 propris,tslin

306 1889 416 1956 quedam
434 1887 539 1950 babebit,
555 1887 619 1949 quod
636 1887 754 1950 rapientes
771 1893 859 1934 metuet
877 1885 908 1932 sd
920 1885 1203 1949 principatussdrnittere‚
1214 1887 1269 1950 quia
1285 1903 1332 1935 non
1344 1889 1401 1936 sim·

306 1969 381 2034 plices
400 1981 479 2031 neqse
496 1966 656 2030 integerrimos
674 1965 809 2029 hujumodi
827 1966 898 2021 siros,
914 1965 956 2013 sed
973 1966 1056 2014 mistos
1068 1967 1200 2030 possideat:
1216 1975 1241 2014 et
1250 1969 1403 2016 animosiores

306 2051 388 2114 potius
404 2047 604 2112 simplicioresque
617 2047 728 2094 nomines
745 2047 775 2092 sd
793 2047 970 2110 gubernandum
987 2047 1109 2104 adscisset,
1126 2046 1199 2111 [⁵⁴8]
1216 2048 1256 2110 qui
1268 2049 1298 2094 all
1311 2049 1400 2097 bellmsr

306 2131 387 2196 potius
405 2128 524 2194 quand
544 2143 625 2191 paoem
643 2127 693 2174 usti
711 2125 928 2175 videsomndoloa
945 2127 1087 2190 quinetiam
1106 2135 1130 2174 et
1140 2127 1324 2175 machinamenta
1340 2127 1400 2176 belli

304 2209 487 2276 plurimilseiet,
499 2208 769 2271 semperquepugasbit.
789 2207 889 2256 -Gasm
907 2209 984 2258 Certe.
1016 2207 1056 2255 So.
1073 2205 1145 2270 Atqui
1152 2207 1302 2270 pecuniarum
1310 2207 1398 2270 cupidi

305 2299 375 2340 erunt
393 2290 441 2352 isti,
458 2289 655 2353 quemadmodum
673 2289 713 2351 qui
732 2289 758 2336 in
778 2303 906 2353 paucorum
926 2289 1029 2354 potentis
1047 2287 1115 2334 sitsm
1133 2295 1221 2351 agunt:
1248 2295 1273 2334 et
1291 2289 1400 2336 tenebris

306 2371 383 2418 obruti
394 2385 475 2418 surum
485 2376 510 2416 et
520 2377 640 2430 argentum
657 2369 764 2417 mstieius
775 2370 933 2428 honorabunt,
944 2376 1024 2434 utpote
1040 2368 1081 2432 qui
1092 2368 1170 2415 arrasia
1180 2368 1334 2432 propriosque
1345 2369 1401 2416 tise-

305 2450 507 2504 ssososbabesot,
524 2449 609 2512 quibua
627 2451 670 2498 Ιιιι
686 2451 815 2498 recondant
824 2469 832 2512 ς
849 2467 877 2500 ne
893 2453 963 2499 etisrn
980 2451 1129 2511 circumsepta
1146 2449 1277 2506 domorum,
1289 2463 1332 2497 ceu
1345 2463 1403 2512 pro.

307 2531 371 2595 psios
381 2531 459 2586 nidos,
470 2529 495 2576 in
506 2531 591 2593 quibua
604 2529 676 2578 multa
684 2547 737 2579 cum
750 2532 884 2580 mulieribus
895 2539 920 2580 et
929 2532 981 2580 aliis
993 2545 1033 2595 pro
1044 2529 1140 2578 libidine
1149 2529 1288 2592 erogabunt.
1311 2528 1403 2579 Gneo.

308 2611 372 2660 Vers
389 2611 499 2676 loqueris.
532 2611 575 2658 So.
593 2610 681 2659 Nonne
697 2621 722 2659 et
741 2611 765 2658 ln
785 2613 854 2660 rebus
873 2611 972 2676 propriis
995 2609 1108 2674 parciores
1123 2619 1193 2656 erunt
1210 2624 1279 2674 quern
1299 2610 1401 2658 deceat:

306 2693 398 2758 quippe
409 2692 450 2757 qui
461 2691 638 2756 magnifaciant,
649 2693 761 2756 pecunias
778 2707 822 2741 nee
835 2693 911 2756 palssn
928 2691 1067 2756 seqairant?
1083 2689 1109 2738 in
1120 2688 1202 2738 alienia
1217 2697 1293 2738 autern
1306 2697 1405 2753 propter

305 2774 429 2822 libidinem
445 2773 596 2838 profusiores,
612 2779 636 2820 et
652 2773 786 2822 clanculam
802 2773 962 2837 voluptatibus
981 2773 1147 2835 indulgebant,
1163 2769 1222 2816 bsod
1239 2783 1306 2818 secus
1319 2769 1399 2832 legera

306 2855 393 2919 passim
403 2855 544 2916 refugientes
556 2869 583 2900 ac
595 2854 661 2916 pueri
670 2853 746 2918 patris'
754 2861 885 2917 aspectum,
897 2867 945 2900 non
954 2851 1114 2917 persuasione,
1123 2850 1163 2899 sed
1174 2850 1196 2896 si
1206 2849 1299 2902 edocati
1309 2865 1315 2895 ι
1327 2865 1356 2897 es
1367 2865 1399 2897 os

305 2934 372 2996 qood
381 2947 458 2980 veram
470 2947 568 2990 musam,
580 2947 633 2996 qno
644 2949 697 2982 cuns
709 2933 855 2981 sermonibus
863 2943 887 2981 et
899 2930 1183 2996 pbilosophis'conjuucts
1193 2935 1236 2983 est,
1245 2927 1401 2992 neglexerint,

307 3011 430 3075 multoque
447 3013 554 3076 magisne
563 3013 626 3076 prius
638 3014 810 3078 gymnastlesm
820 3029 891 3079 quam
898 3013 1009 3062 musicam
1022 3009 1200 3059 honoraverint?
1231 3007 1317 3056 Grau.
1334 3008 1398 3056 Rem

306 3091 426 3156 publicam
444 3108 472 3141 es
492 3093 552 3142 malo
570 3094 679 3160 bonoque
699 3095 794 3142 mistam
814 3095 893 3142 seiess.
924 3095 968 3143 So.
985 3093 1062 3141 Miris
1079 3101 1116 3140 ert
1126 3091 1238 3155 prolecto.
1255 3103 1301 3152 pse
1313 3091 1399 3138 ceteris

303 3179 383 3220 autem
394 3171 419 3220 io
431 3171 481 3238 ipss
493 3181 587 3237 propter
598 3174 753 3222 animositatis
764 3175 937 3238 iracundiaque
948 3173 1070 3238 imperium
1086 3169 1241 3221 contentionis
1253 3167 1400 3220 ambitionis·

305 3253 603 3315 questudiainrslescrnrt.
620 3255 707 3304 Grau.
724 3255 892 3304 Vehementer.
908 3254 950 3302 So.
967 3255 1061 3303 Annon
1071 3254 1122 3302 bec
1132 3250 1301 3315 respublicsits
1308 3249 1399 3298 wales·

301 3339 351 3387 eet,
363 3333 462 3397 telisque
473 3335 526 3390 erit,
537 3343 651 3399 quantum
662 3337 719 3385 licet
729 3353 836 3386 sermone
847 3337 880 3384 rei
897 3335 999 3400 publicas
1010 3335 1107 3400 figurare
1116 3333 1247 3382 describere
1262 3327 1399 3395 sincopesia

304 3421 387 3462 assela
396 3415 492 3462 nimium
501 3415 633 3479 diligentia,
644 3419 701 3480 quis
709 3418 809 3465 militias
819 3433 847 3466 ex
859 3418 911 3482 ipsa
918 3417 1084 3480 descriptionis
1094 3413 1209 3462 summula
1220 3413 1292 3460 sirnra
1297 3410 1399 3475 justissi

306 3507 368 3540 snam
380 3494 588 3558 injustissimumse
598 3497 738 3555 discernere,
751 3499 828 3562 sitque
839 3499 910 3547 lerose
922 3513 983 3561 opus
992 3495 1163 3552 inextricabile,
1174 3495 1192 3542 si
1210 3494 1262 3558 quis
1272 3505 1352 3540 ornnes
1363 3505 1401 3539 res

306 3573 411 3635 publicas
422 3591 550 3640 omnesque
563 3593 645 3640 rnorea,
655 3578 731 3626 nihilo
741 3567 1004 3642 penitos'pretonnisao⁸
1013 3593 1118 3626 enarrare
1128 3575 1280 3640 aggrediatur.
1312 3571 1403 3622 Geso.

305 3653 391 3704 Probe.
425 3657 468 3705 So.
484 3657 545 3713 Quis
561 3657 634 3720 igitur
653 3660 782 3707 seeundum
803 3661 864 3726 lrspc
882 3660 1063 3723 rempublicam
1080 3659 1131 3708 ris?
1148 3655 1265 3722 quamodo
1281 3653 1405 3702 allicitur?

303 3734 383 3794 qualis
400 3735 506 3784 exsistit?
532 3737 602 3790 ,ΑιιιΙ
620 3737 686 3787 Reor
704 3739 814 3803 equidem
832 3741 931 3788 similem
949 3756 1000 3789 ease
1017 3733 1405 3793 Glauconisistius‚oontentionis

305 3813 387 3872 grafia.
420 3814 461 3862 So.
478 3817 549 3866 Forte
559 3819 585 3867 in
597 3819 641 3868 boc
652 3827 688 3867 eat
699 3819 788 3868 similis.
806 3837 885 3868 rerura
895 3823 921 3870 io
932 3822 968 3870 lris
979 3823 1041 3868 haud
1052 3829 1134 3868 natura
1144 3817 1226 3867 similis
1235 3831 1286 3864 esse
1297 3815 1402 3865 ridetur.

305 3887 366 3940 ΑΜ.
384 3891 412 3937 In
432 3895 535 3956 qulbus?
568 3899 610 3948 So.
628 3899 832 3950 contumaciorem
851 3915 908 3950 sane
927 3915 978 3950 esse
995 3917 1048 3950 eom
1069 3915 1164 3948 necesse
1182 3907 1227 3953 est,
1246 3905 1270 3944 et
1287 3895 1404 3944 smosica

303 3968 477 4028 quodammodo
488 3973 632 4032 alieniorem.
644 3981 739 4030 musicae
753 3991 831 4029 tamon
843 3982 956 4045 cupidum
968 3999 973 4028 :
992 3990 1017 4029 et
1027 3981 1139 4028 audiendi
1151 3979 1247 4042 quidem
1258 3976 1402 4030 studiosum,

304 4047 445 4096 rbetoricum
457 4067 510 4101 vero
521 4071 677 4124 nequaquam.
711 4063 786 4127 Atqui
797 4071 823 4112 et
834 4063 945 4112 adversus
956 4077 1033 4111 serros
1050 4061 1146 4126 agrestia
1157 4060 1201 4108 erit
1210 4056 1347 4124 buJusmodi
1357 4056 1405 4112 sir,

303 4127 380 4191 [649]
397 4127 460 4176 baud
471 4145 549 4184 servos
560 4139 701 4201 despiciens,
718 4144 917 4207 quemadmodum
936 4143 970 4190 air
986 4143 1016 4189 ad
1029 4139 1191 4192 sufficientiam
1208 4139 1330 4186 eruditus:
1348 4153 1408 4200 erga

300 4205 389 4254 liberos
399 4215 477 4256 autem
487 4213 531 4260 erit
542 4215 617 4266 mitis:
629 4235 683 4284 erga
695 4224 814 4288 principes
825 4225 919 4288 quidem
932 4223 1047 4271 obediens
1056 4221 1165 4276 masinae,
1173 4219 1215 4266 sed
1224 4227 1249 4267 nt
1257 4217 1409 4283 principatus

302 4293 328 4336 ⁶l
338 4287 452 4336 ll⁰¹³⁰fl¹¹¹¹
465 4291 562 4349 *lldlotr
573 4306 679 4358 oportere
690 4304 824 4354 existimans
842 4321 889 4353 oon
907 4306 937 4352 ab
953 4312 1003 4352 aste
1019 4303 1117 4352 dicendi
1134 4301 1170 4348 vel
1181 4299 1228 4348 alis
1238 4299 1322 4362 qnsris
1333 4296 1409 4344 simili

298 4368 415 4417 “⁶¹¹¹stoe
426 4384 534 4433 Plfflffle,
553 4375 593 4422 aad
606 4381 696 4428 erebus
707 4385 797 4438 bellicis
808 4396 832 4435 et
847 4385 970 4441 similibus,
982 4399 1035 4432 oum
1048 4385 1078 4431 ait
1087 4391 1111 4431 et
1128 4380 1284 4446 gyrnosstice
1294 4387 1321 4426 et
1331 4393 1409 4426 seus-

302 4449 372 4499 tionia
383 4451 511 4501 admodum
523 4455 648 4506 studiosus.
676 4461 736 4512 Αιιι.
753 4465 868 4515 Ειίιιιιε
881 4463 978 4513 ιιιιΊιίο
989 4464 1054 4512 illios
1065 4464 1098 4512 rei
1110 4461 1221 4526 publicar.
1250 4459 1294 4508 So.
1313 4457 1409 4506 Nonne

300 4539 324 4579 er
336 4532 447 4595 pecunias
459 4533 502 4583 iate
514 4535 537 4584 io
545 4534 670 4598 juveutute
681 4547 834 4596 contemnet?
852 4561 899 4611 quo
911 4561 965 4594 sero
983 4553 1089 4596 scnrmct
1101 4542 1183 4607 magia,
1194 4555 1225 4590 eo
1242 4539 1317 4602 magis
1328 4553 1407 4603 pecu·
