3102 5312
143 545 217 624 rer]
481 545 538 608 nu
559 541 732 612 unumne
754 543 829 610 un.
850 545 904 610 vr.
1178 547 1237 608 seu

137 706 242 754 aatmet
263 699 357 750 doloret
375 698 486 750 eontrrrll
502 699 639 766 diriteutur.
655 699 730 765 [tet]
747 699 817 750 tertio
840 713 896 750 reru
917 699 986 749 rubia
1005 698 1233 766 luiimtiaingem

134 779 290 846 rteupirlltnr
308 780 451 838 motlulmt,
470 797 524 847 quur
543 781 574 830 od
594 780 788 846 propagntiunem
806 780 899 845 penui·
917 781 988 838 luent,
999 782 1116 846 porteriue
1134 780 1232 846 quidem

134 861 326 920 tmuummt
340 861 505 912 rumdam
523 861 603 912 imore
621 869 647 910 et
664 861 769 910 murima
786 861 920 926 petultutla
936 861 1231 928 lromiueauritetagitat.

133 943 159 991 hi
177 951 228 992 tren
244 945 327 1000 morbi,
345 943 377 992 ad
395 944 420 992 id
439 943 504 1009 quod
517 941 715 1010 jucundissimum
733 943 822 992 dieitur
836 943 1005 1007 rapientemab
1022 959 1052 994 eu
1070 944 1101 993 etl
1120 944 1147 993 id
1163 945 1229 1008 quot

132 1023 251 1089 optimum
266 1033 311 1082 ant,
329 1025 404 1074 tribua
421 1025 531 1074 maximin
548 1023 619 1074 robur
641 1023 749 1072 vertendi
767 1033 833 1080 aunt,
850 1025 943 1080 timore,
962 1027 1024 1089 lege,
1042 1039 1099 1074 vera
1117 1024 1227 1075 munta:

131 1105 274 1169 qut'bunuum
294 1105 375 1154 illua
394 1113 420 1154 et
442 1105 486 1154 Dii
506 1105 624 1154 nertrtoril
641 1104 805 1161 mutuentur,
824 1113 851 1154 ut
871 1105 1041 1154 incrementum
1062 1112 1089 1154 at
1106 1105 1228 1156 affluentia

132 1187 181 1235 noe
191 1195 263 1250 parto
280 1187 465 1251 emunguntur.
478 1185 670 1252 pmurrttiouem
687 1185 786 1250 quidem
802 1185 928 1236 liberorum
939 1193 994 1251 port
1002 1185 1099 1250 nuptina
1107 1187 1228 1238 uollotare

129 1265 257 1316 &bnon
272 1275 327 1333 port
343 1267 419 1333 ipram
437 1281 494 1317 reru
513 1267 702 1332 procreationem
718 1266 882 1316 werimum
900 1274 927 1316 et
944 1261 1104 1332 diaolpln'nann.
1119 1265 1154 1316 tie
1164 1265 1228 1316 enirn

127 1347 374 1412 ioem,ptuoedeute
392 1348 508 1405 motione,
518 1348 557 1396 ler
574 1362 676 1412 qumque
693 1347 720 1396 in
736 1347 815 1412 priora
834 1347 1002 1412 provenit
1021 1346 1227 1397 commesationes

127 1426 398 1494 deniqnepertiuoetur,
415 1429 512 1494 anmdo
525 1429 551 1478 iu
567 1435 643 1478 omma
660 1436 687 1477 et
704 1429 881 1478 muniones
891 1428 1025 1495 hujumodi
1035 1428 1226 1493 pmreuerimnru

126 1513 205 1574 etque
220 1517 299 1559 utrum
318 1511 376 1559 ririr
394 1511 452 1558 roilo
467 1525 498 1558 eu
517 1509 590 1558 auem
608 1509 746 1560 mulieribur
764 1511 801 1558 hm
819 1511 998 1560 communiones
1017 1509 1228 1574 imperaudnint,

127 1595 189 1638 tarne
205 1590 302 1654 planior
319 1589 501 1656 omnpioienmr,
519 1605 573 1639 eum
592 1589 688 1656 propior
709 1591 894 1640 nouauerimur:
912 1599 937 1640 et
955 1606 1008 1656 que
1024 1591 1081 1640 illua
1090 1587 1226 1654 proadem

128 1668 229 1728 beat,
247 1670 349 1722 amium
366 1671 421 1736 lege
439 1670 556 1737 &monim
571 1679 635 1730 ruat,
645 1685 713 1720 ouum
732 1669 825 1736 elipeum
840 1672 867 1720 in
877 1671 993 1728 minem,
1003 1669 1226 1736 ipriapnepooueri·

129 1765 192 1800 mut.
207 1752 245 1801 ita
262 1759 366 1809 true,ut
382 1751 455 1802 modo
471 1752 588 1810 dioebtm
602 1753 809 1802 murum
826 1752 919 1804 aeuum
935 1752 1095 1818 numinianum,
1114 1750 1227 1802 mureni-

126 1833 279 1898 entimerque
299 1833 331 1882 de
351 1833 401 1882 illia
419 1833 485 1898 leger
506 1833 633 1884 nudemur.
664 1831 723 1883 Cur.
739 1834 806 1884 Seite
825 1833 938 1899 loquerit.
968 1833 1075 1884 Aruer.
1089 1831 1224 1882 Teueamut

126 1912 212 1979 itnqne
220 1913 342 1970 memoria,
351 1928 405 1978 qnae
422 1913 493 1964 modo
510 1913 576 1964 ‹iirtt
595 1921 658 1965 runt.
674 1914 734 1964 forto
751 1916 814 1964 euim
833 1916 887 1965 unni
905 1913 975 1966 nubit
993 1912 1135 1979 queruloque
1145 1918 1225 1961 eruut.

126 1994 188 2044 Cur.
205 1995 268 2053 Qum
287 1994 392 2044 tenenda
408 1993 500 2059 jubeo?
533 1993 638 2044 Artoart-
653 1994 761 2060 &quan
780 1996 919 2060 uibi,potun
939 1995 1079 2059 veneritque
1100 1991 1223 2042 vocabuli·

126 2075 309 2140 appellarlmur.
342 2073 401 2124 Cur.
416 2074 472 2124 Fiat
491 2077 597 2133 omuino,
608 2077 702 2140 botpet,
713 2083 741 2124 ut
757 2076 837 2142 jubae.
870 2077 976 2126 Arrun.
991 2073 1221 2140 Prreulerequldem.

125 2157 170 2205 aad
179 2157 301 2206 renieuma
308 2155 339 2205 ad
349 2171 399 2204 rem
408 2155 553 2220 sponsalem,
564 2163 591 2206 et
599 2169 712 2222 rpnnoum
722 2171 751 2206 nu
761 2172 881 2222 spontem,
892 2157 1010 2224 quomodo
1019 2156 1087 2206 liberi
1097 2169 1223 2220 procreau-

126 2235 153 2286 di
164 2245 229 2288 aunt.
245 2237 387 2287 dommum
405 2253 442 2294 ao,
452 2237 498 2285 riri
509 2237 700 2301 perruarerimua,
710 2239 789 2303 legum
808 2238 956 2303 quarundam
971 2237 1090 2302 positione
1100 2236 1223 2286 mineumr.

127 2316 188 2368 Cur.
199 2319 256 2378 Quo
264 2319 356 2384 pecto?
372 2317 477 2366 Arnar.
492 2317 603 2382 Cogitate
614 2319 711 2368 omniuo
724 2335 826 2384 apoueua
836 2328 863 2368 et
872 2334 962 2386 epoura
983 2318 1081 2376 dubunt,
1092 2333 1140 2384 quo
1149 2325 1222 2382 paulu

125 2413 201 2464 qutun
218 2399 386 2462 pulcherrimoe
403 2407 428 2448 et
444 2395 547 2464 optimoo
564 2399 656 2452 ciuitati
672 2400 759 2450 liberor
774 2402 880 2465 poterint
897 2416 1028 2466 procreare.
1045 2415 1128 2448 omnen
1142 2407 1221 2448 autem

124 2479 246 2536 hominen,
256 2479 296 2544 qui
306 2479 461 2530 cummuniter
480 2477 571 2545 aliquid
591 2490 724 2545 operantur,
736 2483 926 2546 quandocunque
943 2490 968 2532 et
986 2479 1018 2530 ed
1038 2495 1064 2528 ee
1082 2480 1187 2528 invicem
1196 2488 1223 2530 et

121 2573 187 2624 opne
208 2559 286 2624 iprum
305 2561 431 2610 intendunt
450 2561 563 2619 animum,
585 2561 646 2610 bene
668 2569 695 2610 et
712 2563 811 2627 pulchre
830 2563 910 2612 omnia
930 2561 1039 2612 laniunt:
1063 2561 1083 2610 ei
1104 2575 1161 2608 reru
1184 2557 1222 2608 rel

124 2655 174 2691 uon
185 2640 312 2693 habuerint
332 2641 484 2692 menternrel
503 2657 551 2690 non
570 2641 728 2700 adhibuerint,
739 2651 829 2692 corma.
844 2659 917 2708 quare
938 2658 1039 2707 rpourur
1060 2643 1092 2692 ud
1110 2655 1223 2706 opuntem

124 2723 360 2788 pomationemque
370 2723 498 2772 liberumm
508 2723 611 2772 animum
627 2731 702 2772 rertut
714 2741 720 2770 ε
738 2733 764 2772 et
772 2739 859 2789 eponae
868 2725 976 2774 rimiliter
986 2725 1016 2774 ud
1028 2739 1139 2788 aponoum
1150 2730 1222 2788 etque

124 2804 157 2852 ad
176 2819 254 2870 upua:
272 2804 297 2852 in
318 2819 348 2854 eo
366 2812 473 2868 tempore
495 2804 624 2870 precipue,
646 2821 694 2869 quu
713 2803 792 2856 ndlnuu
811 2821 861 2854 nun
881 2815 1022 2872 genuerunt.
1043 2803 1117 2868 [tet]
1138 2803 1222 2854 harum

122 2898 294 2934 rerumouram
311 2886 415 2934 hebrum
436 2884 553 2942 mulieree,
564 2883 614 2934 aire
633 2887 714 2950 ploret
730 2901 774 2936 eeu
790 2886 921 2952 puucimer,
932 2894 1002 2952 prunt
1019 2885 1137 2950 placuerit
1154 2885 1222 2950 prin·

123 2965 226 3030 cipibus,
246 2967 339 3014 electae.
354 2980 407 3032 qum
427 2966 534 3032 quotidie
556 2966 582 3014 in
605 2966 702 3016 Lucium
729 2975 908 3032 congregentur,
930 2968 1022 3016 tertium
1045 2967 1108 3014 horre
1129 2974 1219 3030 partem

123 3055 318 3096 mmmmmrez
334 3054 406 3112 etque
416 3046 451 3094 ibi
469 3045 522 3096 aliie
541 3047 594 3096 alita
612 3047 764 3111 nuntientai
779 3063 852 3112 quem
870 3048 947 3096 ritum
954 3046 1221 3106 mulieremreillornm,

122 3128 166 3192 qui
177 3127 320 3178 matrimonii
329 3129 417 3194 oopule
426 3127 516 3176 nutrieti
533 3127 648 3192 gignendi
664 3127 752 3176 habent
770 3128 917 3184 iamsstutem,
928 3127 975 3178 ulio
984 3124 1108 3178 intendere
1116 3126 1221 3176 animum

122 3208 221 3258 rideant
229 3223 302 3276 quam
312 3207 344 3258 ad
353 3224 390 3266 ea,
401 3224 454 3274 que
464 3209 490 3257 in
508 3209 632 3258 aaurifioiie
651 3209 787 3274 nuptiarum
802 3209 869 3274 junna
878 3207 981 3256 suerunt.
997 3207 1130 3272 procreatio
1141 3213 1221 3256 autem

121 3289 252 3340 liberorum
263 3299 288 3340 et
306 3291 449 3356 autumpni
467 3290 505 3339 illi
523 3295 617 3346 munt,
628 3289 760 3340 obturatio
781 3287 922 3338 decennium
941 3303 990 3336 uon
1008 3285 1115 3342 erradut,
1126 3287 1222 3350 quondo

121 3369 189 3420 adsit
209 3373 334 3436 geuemudi
354 3371 503 3422 loeonuditar.
523 3371 544 3419 ri
565 3386 619 3436 qnte
640 3371 671 3419 aul
692 3369 718 3418 id
737 3377 832 3434 tempur
850 3367 992 3420 iniucunda
1013 3367 1222 3433 perterernrerint,

120 3451 225 3518 umailiu
245 3467 298 3502 cum
316 3452 455 3518 propinquia
471 3459 498 3500 at
515 3450 652 3500 mulieribur
668 3451 749 3500 harum
769 3466 844 3500 retum
864 3449 1018 3500 curatriuibue
1036 3447 1125 3505 habito,
1151 3456 1223 3513 prout

120 3533 273 3584 umnmodum
294 3535 398 3598 utrinque
420 3540 464 3590 art,
475 3531 646 3598 disjungentur.
662 3531 684 3580 ri
701 3547 751 3597 qun
761 3548 816 3582 rero
835 3534 867 3582 de
879 3531 1001 3596 utriunque
1015 3529 1147 3580 commedio
1157 3529 1221 3579 uoui-

120 3612 185 3664 derit
194 3613 325 3672 alternatio,
335 3615 419 3664 decem
431 3613 463 3662 de
484 3613 566 3678 legum
585 3611 723 3664 euotodibne
741 3613 840 3671 delecti,
849 3629 908 3680 quot
929 3613 975 3678 ipai
987 3611 1111 3668 voluerint,
1122 3625 1221 3675 unguor·

119 3703 187 3744 eant.
201 3693 248 3746 reti
256 3703 282 3745 et
291 3695 399 3746 mulierea
409 3695 476 3759 ipre,
482 3694 597 3760 juvenum
619 3693 702 3744 domm
711 3695 830 3760 ingruere,
842 3694 927 3760 partim
936 3692 1033 3742 monitio
1043 3693 1129 3755 purtim
1138 3691 1219 3752 mium,

120 3776 153 3826 ab
163 3776 258 3828 intuitio
265 3777 329 3842 ipeor
337 3784 363 3826 et
373 3775 462 3826 delicto
473 3775 604 3840 depellant.
619 3775 684 3840 quod
693 3777 714 3826 ti
722 3783 850 3842 nequeant,
861 3776 941 3840 legum
951 3772 1088 3824 cuatodibur
1099 3771 1221 3832 nuntient,

5 3891 6 3932 ,
118 3857 378 3924 utquessttitoumt.
394 3857 601 3922 quiriprohibere
623 3873 671 3907 nou
690 3859 819 3922 potuerim,
828 3873 878 3906 rem
899 3855 930 3906 td
941 3853 1057 3922 populum
1068 3853 1220 3914 omentum

5 3963 6 3982 u
117 3939 217 4004 toriptir
234 3939 363 3988 ementium
380 3937 522 3995 nominibua,
530 3937 683 4005 jurejurando
706 3939 821 3988 affirment
841 3953 868 3987 re
888 3937 941 3986 illut
958 3934 1068 3986 melioret
1081 3933 1159 3984 iuuere
1170 3949 1219 3986 non

117 4019 236 4086 potuitne.
267 4018 301 4068 Et
316 4021 357 4085 qui
374 4021 461 4084 amiptn
471 4021 564 4069 delatus
573 4027 618 4078 ert,
628 4020 675 4068 ulei
685 4027 836 4070 accusatores
846 4017 984 4074 convinerit,
995 4015 1090 4066 infamio
1109 4017 1155 4066 rit:
1172 4033 1218 4066 nen

118 4101 214 4166 nuptiir
233 4100 431 4166 promeanrfioque
449 4101 528 4150 liberio
548 4099 648 4150 ulterior
668 4099 710 4150 det
729 4115 834 4165 operam.
857 4115 886 4149 nu
906 4099 927 4148 ri
947 4097 973 4148 id
991 4098 1126 4155 tentnrerit,
1149 4098 1222 4148 lineat

117 4182 222 4232 cuilibet
232 4181 324 4232 cedere
344 4183 423 4246 iprum
442 4181 548 4247 impune.
582 4181 678 4232 Eodem
700 4181 784 4230 aiutet
801 4181 925 4230 mulierum
936 4195 1020 4245 poene.
1035 4177 1220 4244 experterenim

117 4262 272 4312 muliebrium
289 4262 379 4328 degant
395 4265 525 4314 honorum:
543 4277 589 4314 uae
600 4263 632 4312 ad
651 4263 746 4328 noptlua
765 4269 892 4328 parmaque
910 4261 1033 4312 liberorum
1043 4260 1150 4326 prolecto
1160 4258 1220 4309 reui-

117 4343 422 4410 piaatnr,riinjudleium
443 4345 561 4396 meraritae
577 4344 695 4393 dmuuatae
714 4343 789 4394 etiam
804 4343 900 4394 luerint.
915 4343 944 4398 ai,
955 4350 1079 4408 postquam
1089 4339 1221 4390 mundum

116 4425 186 4490 legen
197 4425 259 4474 tuo·
280 4433 441 4490 procrearunt,
451 4425 534 4476 tliente
555 4427 677 4494 quiequam
699 4426 766 4474 orori
786 4424 943 4492 conjungitur,
955 4423 991 4472 rel
1003 4423 1086 4472 mulier
1105 4421 1163 4478 rito,
1173 4419 1222 4468 illia

118 4507 215 4558 tuilioat
222 4505 301 4556 tdhoe
320 4506 495 4572 pemmatibus,
505 4507 580 4572 punio
602 4505 694 4557 cladem
715 4505 862 4571 rnbjneeant‚
873 4505 959 4572 quitur
977 4509 1002 4552 et
1012 4502 1070 4550 dnm
1081 4501 1126 4565 ipei
1136 4500 1220 4565 grigna-¹

116 4587 185 4640 btnt·
199 4585 244 4638 red
261 4589 306 4638 riri
327 4596 353 4638 et
375 4587 560 4656 mulieree,port
584 4589 708 4640 liberorum
729 4588 916 4654 promeutionem
936 4593 1000 4636 uerte
1022 4583 1172 4641 viventeo,iu
1184 4581 1221 4632 uu
1311 4653 1314 4658 Ι
