3174 5296
153 537 225 614 aee]
524 613 530 626 Ι
575 533 843 598 υΕΜουοουε.
1184 532 1244 593 513

150 686 245 738 sivero
254 703 333 739 tome
347 664 495 738 omueelttott
511 689 586 748 eoitio,
605 689 725 760 quomodo
742 689 875 736 consultore
892 688 1015 751 poteritiu?
1034 695 1078 736 eut
1093 687 1156 752 quod
1175 686 1240 733 tobit
1333 681 1341 700 ⁸

149 768 222 832 liujue
242 779 380 820 contentus·
392 770 574 834 operepretium
594 770 676 827 fuerit,
692 785 765 833 quum
786 769 917 817 coontltttre
940 784 989 817 uon
1007 767 1120 833 postitio?
1153 766 1179 815 Si
1186 780 1241 814 vero
1262 787 1266 796 ·

149 849 225 913 ntiqui
232 851 319 907 eeiunt,
327 852 398 916 aliqui
406 839 509 900 mettum
520 865 567 899 nott
579 851 667 907 eoiuttt,
679 850 702 897 hi
714 865 770 897 vero
781 849 946 913 consiiiooput
956 851 1052 906 hebent,
1064 850 1085 897 ei
1096 863 1153 896 eone
1164 845 1239 911 poeti·

151 929 201 978 bile
223 939 260 978 eet
278 933 404 980 eonsilium
418 931 474 980 dere
489 932 631 995 prudentem
648 931 722 988 ‚virum
741 930 864 992 imperitis,
876 931 933 977 notit
947 937 1011 978 certe
1028 937 1066 977 oet
1086 929 1159 977 etiem
1178 941 1239 976 unue

150 1010 182 1058 td
194 1011 319 1060 consutum
329 1013 433 1060 dandum
444 1029 492 1062 uon
504 1011 632 1062 scientibus
641 1011 717 1058 vobit.
750 1009 841 1057 Annon
859 1011 944 1057 eedem
963 1025 1045 1058 omnes
1059 1010 1161 1058 eeientet
1181 1023 1238 1057 oon·

149 1091 250 1138 uolunt?
261 1107 332 1155 quere
340 1095 497 1142 conveniebat
508 1101 535 1140 ut
542 1107 584 1140 vot
594 1091 676 1140 audito
685 1091 730 1138 itoc
740 1089 901 1138 discederetis.
908 1105 973 1138 nunc
984 1100 1063 1138 tutem
1074 1091 1118 1138 hoc
1125 1105 1173 1136 uon
1181 1088 1239 1136 ioti-

151 1171 192 1226 tie,
204 1171 247 1219 eed
256 1175 343 1222 multoe
359 1174 458 1222 oontiiitt
466 1174 550 1220 dentre
561 1172 640 1220 tudire
651 1171 730 1218 tuitio.
766 1169 820 1218 Non
830 1171 894 1218 enim
905 1171 992 1234 putetit
1000 1171 1059 1218 erite
1069 1185 1110 1218 eoe
1120 1170 1162 1233 qui
1173 1169 1240 1216 tobit

150 1251 278 1300 emeitium
285 1253 469 1308 dtreconetttur,
486 1254 516 1299 de
527 1252 565 1299 itio
572 1252 644 1299 rebus
658 1251 689 1298 de
700 1251 785 1314 quibui
795 1253 929 1298 couettlunt.
946 1251 1042 1299 sienim
1053 1251 1112 1298 tcire
1123 1249 1240 1314 putaretis

150 1332 243 1394 eooqui
254 1333 322 1380 vobit
332 1333 456 1380 comitium
475 1332 541 1388 dent,
558 1345 619 1379 uoue
640 1333 705 1380 noluo
722 1330 818 1379 euditue
836 1331 955 1380 tuffioeret
974 1331 1050 1379 vobio.
1084 1330 1156 1394 [tel]
1175 1329 1240 1376 Coo·

151 1409 231 1460 venite
248 1411 321 1476 igitur
339 1427 389 1476 voe,
407 1411 529 1460 audituros
549 1427 589 1460 eoo
608 1411 650 1474 qui
668 1427 717 1459 nott
735 1411 820 1464 icium,
838 1411 904 1458 velut
918 1412 959 1474 qui
974 1409 1066 1476 ttiiqnid
1083 1409 1240 1474 operepretii

72 1515 76 1526 ·
150 1489 251 1549 ficietis,
262 1491 381 1556 quomodo
398 1493 578 1540 ooutbrurdum
588 1493 642 1541 eit?
676 1491 708 1538 Et
718 1491 749 1538 tie
760 1499 877 1539 conventu
895 1491 992 1555 quidem
1010 1501 1090 1540 vestro
1106 1491 1151 1537 hoo
1168 1488 1240 1536 modo

150 1573 255 1636 mbigo.
287 1573 379 1622 Verum
403 1573 434 1622 de
444 1573 631 1637 promptitudine
657 1587 738 1621 eorum
765 1573 806 1636 qui
832 1572 957 1621 eonsilium
979 1572 1045 1620 tobit
1067 1571 1124 1620 dore
1146 1585 1172 1619 oe
1194 1585 1238 1634 pu·

147 1659 209 1709 tout,
227 1652 288 1701 illud
307 1653 442 1717 ambiguum
453 1661 498 1703 eet.
531 1654 632 1702 sienim
643 1667 692 1700 uon
702 1651 785 1700 eedem
795 1653 921 1701 consulunt
931 1653 971 1716 qui
988 1653 1018 1701 de
1037 1651 1123 1700 iisdem
1142 1651 1241 1700 coneiiitt

152 1731 219 1788 dmt,
238 1733 358 1799 quomodo
374 1749 456 1782 omnen
475 1742 540 1784 recte
557 1733 727 1790 contuiuerint,
748 1747 794 1782 nott
816 1733 966 1782 ooutttietttet
983 1747 1013 1782 ee
1028 1747 1081 1796 qum
1098 1741 1163 1782 reete
1182 1745 1239 1780 eon-

151 1811 230 1860 tuient
247 1813 364 1862 comuiitt
398 1814 449 1862 Aut
469 1813 588 1878 quomodo
608 1829 656 1862 nott
668 1813 768 1861 ebeurdo
777 1811 850 1861 fuerit
867 1813 1029 1876 promptitudo
1046 1826 1127 1860 eorum
1149 1810 1190 1876 qui
1209 1811 1240 1858 ed

149 1893 323 1941 ootttuiendum
332 1896 437 1959 prompti
447 1901 503 1943 tunt
511 1895 542 1942 de
554 1895 591 1942 hie
601 1909 698 1958 quorum
709 1892 813 1956 imperiti
824 1893 897 1940 eunti
930 1892 956 1940 Si
967 1891 1032 1940 enim
1040 1891 1110 1955 periti
1121 1898 1184 1948 tunt,
1191 1904 1239 1938 nott

151 1971 249 2034 cupient
259 1973 384 2022 comitium
397 1976 454 2023 dote
463 1989 512 2024 nott
521 1981 604 2026 recte:
622 1974 710 2022 einero
726 1987 806 2022 rursus
820 1973 906 2020 eedem
916 1973 1049 2028 contulum,
1060 1970 1118 2034 quid
1128 1985 1188 2033 opue
1204 1977 1242 2016 eet

149 2049 218 2114 iptoe
228 2066 312 2100 omnen
322 2053 446 2102 eonsilium
456 2053 530 2104 dore?
552 2055 621 2103 Utine
628 2055 691 2102 enim
700 2067 728 2102 ex
738 2054 796 2116 iptio
807 2054 891 2102 eedem
902 2052 1026 2101 contulere
1034 2051 1090 2098 tetii
1100 2049 1152 2097 etit.
1172 2049 1242 2097 Teiie

152 2130 224 2194 igimr
235 2140 346 2194 expetere
363 2149 417 2197 qne
434 2135 526 2183 nulium
538 2133 719 2200 operopretiutti
734 2134 844 2190 efferunt,
854 2131 971 2196 quomodo
981 2146 1029 2180 ttott
1044 2130 1169 2178 ridiculum
1186 2129 1241 2176 eet?

153 2209 240 2275 Neque
252 2211 323 2276 igitur
332 2213 492 2280 imperitorum
500 2215 660 2280 promptitudo
671 2229 719 2262 nou
735 2214 837 2262 absurde
853 2227 906 2261 etue
922 2211 1017 2276 poterit,
1032 2225 1105 2274 quum
1119 2209 1174 2258 tolie
1191 2209 1239 2256 eit:

151 2305 230 2354 oeque
244 2294 373 2355 prudenter
392 2294 448 2343 teiit
461 2295 627 2359 expetiverint,
643 2303 671 2342 ut
686 2295 728 2358 qui
748 2293 825 2342 edent
841 2307 914 2341 tntum
930 2293 1034 2356 ttiiqoem
1051 2305 1081 2340 ex
1099 2290 1157 2354 iptio
1175 2289 1241 2338 idem

152 2369 231 2420 fetere
247 2373 353 2436 petreii
363 2375 512 2423 uttootettit
522 2376 633 2426 eontulit.
667 2377 748 2433 Quare
758 2375 866 2422 invenire
881 2389 930 2422 uon
949 2387 1044 2437 puteum
1059 2371 1176 2434 quomodo
1193 2382 1242 2416 nott

152 2451 254 2500 ridicule
264 2453 296 2501 eit
312 2454 473 2517 promptitudo
488 2463 571 2504 eorum
586 2456 628 2520 qui
639 2455 761 2504 contilittot
772 2454 839 2502 vobit
849 2455 906 2503 dere
922 2469 947 2502 te
966 2461 1060 2516 putent.
1092 2451 1127 2500 At
1138 2465 1195 2499 vero
1211 2450 1243 2496 de

153 2531 266 2596 mffregio
276 2533 339 2596 qood
353 2535 415 2583 ferre
425 2535 545 2599 cogitndo,
556 2537 613 2600 quid
625 2535 710 2599 pontit,
721 2535 822 2584 mxime
837 2534 942 2598 ambigo.
974 2533 1062 2582 Utrum
1072 2531 1136 2579 euim
1150 2545 1192 2578 eoo
1202 2529 1244 2592 qui

153 2612 280 2662 confilium
298 2614 355 2663 dore
373 2616 451 2664 eeiuut
462 2615 593 2679 judicetis?
625 2616 660 2664 At
674 2621 723 2664 nott
742 2617 823 2680 ploret
838 2629 886 2664 uno
903 2613 1029 2664 consilium
1048 2613 1147 2668 debunt,
1165 2623 1244 2674 oeque

154 2692 224 2742 ttiiter
235 2699 305 2758 etque
316 2695 425 2744 olitorio
436 2695 529 2744 eodem.
562 2696 641 2754 Qutre
653 2697 683 2744 de
703 2696 739 2746 hie
753 2695 891 2760 suffragium
907 2711 950 2746 roe
970 2695 1030 2743 ierre
1050 2709 1097 2742 non
1115 2691 1161 2742 etit
1176 2705 1244 2754 opue.

155 2773 190 2822 At
202 2775 325 2837 imperitos
341 2782 367 2822 et
385 2789 427 2822 eon
446 2775 488 2838 qui
504 2791 553 2824 non
570 2785 598 2824 ut
616 2783 710 2840 oportet
726 2777 850 2825 consitium
870 2775 930 2825 dent
944 2774 1074 2839 judicatio.³
1091 2781 1132 2840 eut
1148 2771 1245 2828 olibet,

154 2854 222 2904 vetut
237 2856 334 2912 iueeuit,
348 2856 483 2918 permittere
503 2865 529 2903 ut
549 2856 671 2906 coutiiium
691 2859 749 2906 dent
767 2863 817 2905 nou
834 2857 963 2906 convenit?
996 2857 1022 2904 Si
1037 2869 1092 2904 veto
1107 2867 1186 2917 neque
1201 2867 1244 2916 pe·

154 2933 212 2983 rito·
230 2950 307 2998 neque
320 2935 442 2999 imperitos
452 2936 599 3000 judicabitis,
611 2951 671 3001 quoe
689 2939 786 2985 omuino
799 2936 956 3002 judicabitis?
990 2935 1056 2993 Quid
1073 2949 1128 2984 vero
1148 2934 1245 2981 omniuo

155 3015 217 3064 etio·
237 3016 304 3064 vobit
325 3017 450 3064 comitium
467 3017 523 3066 dete
545 3033 604 3081 opus
622 3025 667 3073 eet,
685 3018 706 3064 ti
723 3016 821 3080 quidem
843 3017 901 3064 telio
922 3016 978 3064 tetii
998 3016 1106 3077 judicare
1125 3013 1244 3076 potentie?

155 3095 181 3144 Si
201 3111 259 3144 vero
277 3111 325 3144 nott
344 3097 401 3144 stitit
416 3095 525 3160 judicem
542 3097 648 3160 potentii,
662 3097 720 3159 quid
734 3103 833 3158 pomoni
845 3095 913 3142 nobie
929 3094 1058 3156 suffragini
1075 3093 1244 3156 eutquomodo

154 3190 204 3224 ttoo
220 3176 345 3224 ridiculum
362 3185 407 3233 eet,
424 3178 549 3224 convenite
569 3177 665 3238 quidem
684 3191 726 3224 vot
744 3175 868 3223 consilium
885 3174 988 3229 dotutoe,
1006 3174 1072 3220 uelut
1090 3173 1131 3235 qui
1146 3172 1246 3220 coneilio

155 3271 216 3321 opus
225 3256 339 3313 hobeetit,
349 3272 419 3320 quum
431 3257 504 3304 etiem
519 3257 566 3319 ipsi
580 3254 611 3303 od
627 3258 671 3304 hoc
687 3255 845 3319 prostantium
858 3269 906 3302 nott
923 3253 1058 3300 sufficietis?
1077 3251 1178 3302 ubiteto
1188 3267 1244 3300 tott-

156 3337 246 3401 gtegeti
260 3336 326 3392 cedo,
341 3343 424 3399 putere
433 3351 475 3383 vos
487 3337 598 3400 euffregitt
611 3336 671 3384 ietre
682 3351 709 3386 ee
721 3337 847 3384 decernere
857 3341 975 3398 oportere,
985 3333 1050 3380 velut
1059 3333 1100 3396 qui
1110 3332 1168 3380 totio
1179 3333 1245 3397 judi·

155 3432 209 3466 ottre
219 3417 332 3482 postitio?
357 3417 443 3480 Neque
455 3417 516 3466 eoint
525 3419 582 3464 dum
593 3417 680 3481 singuli
689 3431 795 3466 eeoteum
805 3415 871 3472 ontio,
884 3429 932 3464 nott
942 3413 1022 3462 settis:
1035 3414 1172 3477 congregtti
1182 3429 1245 3470 tero,

154 3497 404 3562 prudenteteveditie:
416 3513 491 3561 neque
499 3514 578 3546 tunm
585 3499 693 3563 privatim
700 3496 795 3562 quidem
801 3497 927 3560 embigitie,
935 3495 1071 3558 congregtti
1077 3508 1133 3542 vero
1139 3493 1164 3541 in
1173 3491 1244 3550 idern,

155 3592 204 3625 noo
213 3578 315 3642 emplius
325 3579 454 3642 ambigitis,
465 3581 506 3626 sed
518 3579 577 3626 eetit
582 3579 688 3628 contueri
695 3578 794 3642 poteetie
804 3593 857 3642 qute
867 3576 931 3626 vobit
940 3573 1049 3626 inuenti
1058 3582 1115 3624 eunt
1123 3591 1128 3622 ι
1135 3581 1160 3623 et
1167 3575 1247 3630 hocftt

157 3657 253 3706 nemine
270 3657 343 3714 docti,
360 3659 495 3723 nequeipei
506 3660 648 3716 intentoren¹
668 3661 730 3724 quod
751 3659 856 3706 onmium
869 3656 1089 3721 praeetttttieeimum
1109 3663 1155 3706 eet.
1189 3654 1247 3702 Nou

157 3737 230 3794 enim,
246 3753 319 3801 quom
330 3754 378 3786 nott
389 3741 495 3788 contueri
507 3741 605 3804 poenitio
616 3756 645 3790 ee
667 3739 740 3805 [tet]
759 3754 812 3804 quae
829 3739 939 3787 iaciendo
958 3745 1022 3792 eunt,
1041 3736 1071 3784 td
1089 3735 1247 3800 judicandum

156 3818 239 3866 idonei
247 3819 314 3867 eritis
323 3836 377 3868 enm
389 3822 429 3883 qui
440 3819 470 3868 de
483 3821 519 3868 itit
530 3822 597 3870 vobit
613 3829 678 3870 recte
697 3821 809 3870 coueufit.
824 3833 902 3882 neque
921 3833 1001 3866 rureue
1015 3817 1060 3866 hoc
1078 3816 1144 3864 dicet
1163 3816 1185 3863 io
1205 3816 1247 3879 qui

158 3916 220 3948 uttutt
231 3911 267 3948 ott
277 3911 302 3947 et
313 3901 381 3948 vobio
398 3901 521 3950 eonsilium
540 3901 590 3959 det,
608 3904 684 3952 itote
705 3901 828 3948 docturum
846 3914 898 3947 etse
916 3913 959 3946 voe
979 3911 1032 3960 quet
1052 3897 1120 3944 vobit
1138 3896 1249 3945 iaciendo

158 3987 222 4035 eunt,
233 3987 258 4028 et
263 3978 424 4044 judicaturum
433 3995 474 4028 eoo
485 3982 526 4044 qui
535 3982 597 4030 mele
608 3991 648 4030 eut
656 3997 725 4030 tecue
737 3981 803 4028 vobit
814 3979 949 4034 comuiunt,
957 3978 983 4026 in
991 3977 1059 4026 brevi
1067 3978 1127 4026 odeo
1134 3985 1248 4042 tempore,

157 4066 182 4107 rt
193 4059 291 4122 quidem
302 4074 376 4123 quum
384 4066 419 4106 tot
429 4060 487 4108 eitin-
520 4061 573 4110 Hoc
582 4071 662 4110 eutem
671 4078 718 4110 oon
730 4061 807 4108 minue
817 4061 860 4108 iilo
869 4059 954 4108 mirum
967 4057 1040 4106 videri
1050 4058 1128 4108 debet.
1157 4059 1182 4108 Si
1192 4073 1249 4106 vero

157 4154 235 4204 utque
243 4150 383 4195 oottvetttue,
390 4153 469 4204 neque
479 4140 501 4188 it
510 4141 552 4204 qui
562 4142 629 4190 vobit
638 4142 749 4197 eomuit,
760 4139 859 4188 idoneos
869 4153 912 4186 voe
921 4141 950 4186 ed
956 4137 1113 4201 judicandum
1122 4138 1185 4192 sicit,
1198 4136 1252 4200 qui·

159 4233 216 4268 utut
226 4227 263 4266 eet
273 4217 343 4266 vobit
352 4219 513 4282 suffragiorum
523 4221 531 4268 i
548 4230 589 4270 eut
599 4221 718 4286 quomodo
727 4235 776 4270 nou
787 4219 924 4268 advertetur
935 4227 1066 4280 contentus
1077 4227 1154 4266 tenter
1167 4217 1251 4266 tofftt-

159 4301 215 4366 giit,
226 4306 252 4348 et
263 4299 376 4362 suffragio
385 4301 556 4349 consulentium
568 4303 635 4350 vobin
654 4301 851 4366 promptitudini?
886 4300 1024 4349 Conveniet
1036 4299 1099 4346 euim
1111 4305 1188 4344 tenter
1206 4302 1251 4352 eet,

158 4383 225 4430 velut
234 4395 314 4428 eorum
324 4380 363 4442 qui
372 4377 453 4428 idonei
463 4396 511 4430 uon
522 4392 584 4439 eunt,
597 4384 636 4432 ted
649 4383 786 4432 contilieriit
796 4382 914 4446 indigent.
947 4379 1064 4444 Sufftegio
1075 4392 1128 4426 tero
1139 4377 1253 4432 feruntur,

158 4463 224 4512 velut
240 4475 289 4508 non
306 4459 445 4508 consiliariis
462 4460 597 4526 indigentie,
610 4463 656 4518 ‚ted
674 4473 699 4511 et
710 4461 818 4527 judicare
829 4475 855 4510 et
870 4461 995 4511 consilium
1008 4461 1064 4508 dere
1085 4457 1189 4521 pueritie.
1222 4457 1255 4506 Et

159 4539 320 4610 promptitudo
341 4539 439 4604 quidem
454 4557 534 4592 tetum
551 4544 592 4608 qui
613 4544 679 4592 vobit
700 4544 834 4604 consulunt,
858 4551 895 4594 eet
915 4543 980 4592 velut
1001 4553 1084 4590 eorum
1102 4537 1144 4602 qui
1164 4535 1256 4668 repient:

226 4621 293 4674 ΡΜ.
307 4621 350 4673 st.
714 4625 751 4677 ΙΙ.
1144 4621 1158 4668 3
