3170 5300
324 499 395 558 000
516 469 522 476 ’
774 489 976 602 00000000
1133 499 1135 502 ·
1347 503 1424 582 [000

328 649 402 709 Quod
416 645 523 716 quisquis
534 650 637 699 homene
647 647 735 699 slseere
745 663 799 698 cum
809 651 907 700 elisrorn
923 651 1069 702 0100100000
1080 651 1155 702 incise
1164 652 1291 703 visceribus
1301 654 1362 705 lorte
1372 673 1429 721 gus-

329 731 392 790 urie,
403 730 473 796 lupus
483 731 533 780 llerl
548 729 647 796 cupitur.
663 745 743 779 nonne
755 729 858 780 lsbulsm
869 732 996 781 sudleietii
1029 731 1092 781 Aur.
1111 731 1239 798 Equidem.
1272 735 1316 786 So.
1332 735 1425 786 Eodem

329 811 401 860 modo
411 812 499 876 001000,
509 810 578 875 cujus
597 811 703 875 imperio·
713 810 782 860 uelde
803 812 888 876 suique
903 813 1058 878 obtemperet,
1075 821 1178 878 cogueto
1195 829 1243 864 nou
1259 816 1362 866 obstinet
1371 833 1426 866 0000-

329 892 414 958 guluce
432 893 474 940 000
485 892 559 949 loisis,
570 899 597 940 ut
609 891 694 949 001000,
704 891 813 940 confictis
828 891 966 941 criminibus
984 892 1009 940 in
1025 892 1143 956 judicium
1162 895 1233 943 trelrit
1252 910 1302 952 eos.
1313 897 1425 960 equibus

328 972 405 1028 timet.
415 979 441 1022 et
447 972 535 1036 injuste
544 986 570 1020 00
580 970 647 1020 0000
656 978 773 1034 cruentet,
783 970 908 1022 0101000000
919 971 1078 1036 exstinguens,
1090 981 1234 1039 guetsnsque
1244 974 1426 1040 11000ιί00000

248 1049 250 1052 ’
329 1059 357 1104 et
372 1053 471 1116 pruteno
488 1067 529 1100 ore
546 1049 637 1115 generis
653 1049 751 1113 proximi
769 1050 921 1114 seuguiuem:
941 1050 1015 1117 [500]
1034 1067 1062 1100 00
1078 1053 1203 1103 nonnullos
1219 1055 1426 1120 00001110,οποοιο

329 1133 389 1182 elios
404 1129 673 1181 oeusetnseeilioeterie
688 1129 761 1178 elieui
778 1130 930 1180 reseretiouee
948 1131 1132 1196 pertitiouesque
1143 1149 1257 1198 agrorum.
1291 1137 1425 1194 0000000-

327 1211 565 1276 oeessemjusmodi
575 1210 694 1259 bominem
710 1209 747 1258 rel
757 1211 788 1260 eb
798 1209 900 1259 inimicis
917 1211 1017 1260 interfici
1035 1213 1072 1261 sel
1089 1216 1237 1278 tyrannidem
1252 1231 1368 1274 exercere,
1387 1216 1426 1264 lu-

329 1303 434 1358 pumque
452 1307 480 1340 ee
495 1291 590 1339 bomine
609 1290 667 1340 lieri.
700 1289 765 1338 Ans.
780 1289 884 1339 Necesse
895 1299 932 1339 000
948 1293 1053 1341 omnino.
1086 1293 1129 1343 So.
1146 1295 1195 1344 Iste
1206 1297 1301 1362 quidem
1312 1298 1424 1346 edressus

328 1373 455 1438 opulentos
470 1372 577 1421 homines
591 1370 725 1420 seditiosus.
757 1369 818 1418 Ans.
836 1370 915 1419 Certe.
948 1371 992 1419 80.
1008 1371 1097 1422 Nonne
1114 1375 1144 1423 eb
1162 1375 1309 1424 iuimicomm
1327 1377 1351 1424 ei
1369 1377 1425 1426 buic

328 1453 459 1520 periculum
469 1451 584 1508 imminet,
594 1449 644 1514 qni,
655 1450 674 1498 si
685 1447 804 1513 expulsus,
814 1449 895 1497 inritis
913 1449 1007 1498 redierit
1025 1451 1135 1509 inimicis,
1154 1462 1268 1518 tyrannus
1279 1455 1378 1504 effectus
1387 1471 1425 1504 re-

329 1534 442 1584 eertitur?
475 1533 536 1581 Aur.
553 1531 661 1581 Constet.
693 1529 887 1580 8000010000
905 1530 1029 1579 00100οἱ00
1046 1532 1147 1595 publicis
1163 1535 1281 1598 expellere
1301 1543 1423 1600 nequeunt

329 1614 495 1669 eelocoidere‚
506 1612 631 1660 violentum
644 1610 677 1658 illi
688 1617 784 1660 mortem
800 1611 915 1675 cogitent,
930 1610 1038 1675 clsmque
1056 1611 1204 1662 insidientur.
1234 1615 1297 1663 Ast.
1313 1614 1423 1664 ltecerte

329 1692 520 1754 lieriooueueeit.
547 1691 589 1742 80.
607 1690 672 1740 11100
682 1677 1092 1756 0010001110000000000000000000010
1102 1694 1220 1758 erigendi.
1236 1709 1322 1759 nempe
1332 1710 1423 1754 omnes.

329 1775 372 1840 qui
380 1776 428 1823 huc
437 1771 601 1826 escendemnt,
611 1772 721 1819 custodes
731 1771 822 1836 sliquos
832 1772 944 1835 corporis.
954 1770 1111 1821 utensilietor
1119 1774 1202 1838 populi
1210 1775 1287 1823 selene
1297 1775 1336 1830 eit,
1347 1775 1426 1824 solent,

330 1855 425 1919 splebe
436 1851 559 1917 requirere.
590 1850 653 1898 Aur.
669 1851 784 1902 Mssime.
816 1851 859 1900 So.
876 1851 1070 1916 Detitsqueeoe
1082 1852 1194 1916 plebsilli
1206 1862 1313 1902 metuens
1323 1853 1425 1918 sibiipsi

329 1935 399 1984 nimie
408 1933 539 1982 conlidens.
570 1929 633 1980 Aur.
650 1931 807 1996 Megoopere.
838 1932 882 1981 80.
898 1932 959 1982 Cum
979 1933 1076 1983 10000000
1092 1934 1233 1998 pecuniosus
1251 1935 1425 1998 enimsdseetit,

329 2016 373 2080 qni
386 2016 417 2063 ob
428 2012 541 2078 pemnles
551 2011 617 2077 plebi
628 2012 701 2080 boetis
711 2019 756 2068 000,
768 2018 825 2062 0000
835 2021 899 2062 uerte
912 2012 982 2075 juste
993 2014 1113 2064 oreonlum
1132 2014 1214 2064 crem
1230 2015 1310 2062 00000
1321 2015 1352 2062 00
1363 2013 1426 2062 1100-

330 2101 394 2144 mum
403 2094 537 2157 lepidnsum
547 2091 643 2140 flurium
654 2087 755 2156 eulupit,
766 2105 843 2154 neque
852 2101 962 2150 moretur,
973 2108 1051 2156 neque
1062 2094 1159 2142 timidus
1169 2094 1217 2144 dici
1229 2102 1328 2143 seretur.
1360 2092 1425 2142 Ans.

330 2175 520 2238 itemquequsn
529 2171 634 2220 0000000
645 2171 727 2220 iterum
738 2179 863 2221 vereretur.
895 2173 938 2222 So.
954 2173 1026 2230 8000,
1038 2175 1143 2239 00100010
1154 2175 1333 2238 comprehensae
1342 2173 1424 2230 luerit,

328 2255 412 2304 ultimo
422 2251 540 2318 supplicio
550 2251 612 2300 effici
622 2251 690 2301 solet.
723 2251 789 2300 Ans.
803 2252 917 2304 Necesse.
948 2253 992 2303 80.
1007 2253 1042 2303 As
1056 2253 1138 2320 populi
1154 2253 1425 2318 illedeiensormegnue

329 2333 454 2398 meguitioe
464 2333 646 2396 lrsudqosqusm
656 2347 706 2379 sese
717 2331 784 2394 gerit,
796 2332 909 2381 sedulior
924 2333 1050 2397 prosternit
1061 2321 1182 2398 pritinos,
1200 2342 1224 2382 et
1240 2333 1293 2398 ipse
1308 2333 1334 2383 ‘sn
1354 2349 1425 2383 00πο

249 2471 252 2478 Δ
329 2413 417 2462 residet
425 2411 536 2467 cisitstis,
547 2418 661 2475 tymnuue
671 2425 700 2458 ex
720 2417 796 2460 tutore
812 2411 922 2461 effectus.
953 2411 1018 2464 Aur.
1035 2413 1101 2471 Quid
1116 2415 1245 2479 pmlribet?
1277 2413 1320 2463 80.
1338 2413 1426 2462 Auris

330 2506 463 2542 0000000000
473 2489 643 2538 bestitudiuem
654 2489 785 2554 sirihujue,
799 2491 945 2550 uerisimile,
955 2492 981 2541 00
1000 2507 1048 2558 000
1065 2493 1101 2542 sir
1119 2493 1172 2542 telis
1182 2494 1327 2542 innascitur?
1360 2492 1426 2544 Aue.

331 2573 428 2622 Prorsus
438 2571 543 2635 quidem.
575 2569 618 2619 So.
634 2569 753 2634 Principio
764 2572 860 2637 quidem
871 2587 953 2621 omncs
963 2573 1058 2631 selutst,
1076 2574 1180 2622 ereidens
1194 2575 1373 2639 quibuscunque
1382 2574 1426 2622 ob·

331 2653 382 2700 sius
394 2651 474 2710 tuerit,
483 2657 510 2700 00
519 2665 606 2700 nomen
616 2650 711 2714 tyranni
722 2658 822 2709 rccuset,
834 2650 958 2715 pollicetur
973 2652 1047 2701 multe
1064 2661 1090 2701 00
1106 2653 1214 2717 privetim
1223 2661 1249 2702 et
1264 2651 1426 2718 00101000,οω

332 2732 415 2782 liberet
425 2731 515 2795 0110000,
525 2745 639 2795 00000000
650 2729 777 2788 distribuit,
789 2732 927 2796 populoque
937 2739 963 2781 et
977 2731 1130 2782 iemilieribue
1139 2734 1187 2782 mis
1196 2749 1225 2782 00
1234 2733 1338 2796 denique
1349 2732 1426 2780 omni·

330 2813 375 2862 boe
386 2820 520 2862 mensuetus
527 2819 552 2860 et
562 2811 624 2860 mitis
634 2825 686 2860 0000
696 2811 799 2872 simulet.
832 2811 896 2862 Aur.
912 2812 1018 2863 Necesse
1027 2822 1072 2863 000.
1104 2814 1149 2863 80.
1164 2813 1198 2864 As
1208 2827 1262 2863 cum
1274 2813 1372 2878 001000
1383 2827 1426 2860 00-

331 2900 410 2942 terum
420 2894 498 2942 hostes
509 2892 593 2956 pertiso
604 2892 650 2942 eibi
659 2891 803 2949 conciliseit,
814 2893 899 2956 purtim
917 2893 1038 2950 erstinsit,
1049 2895 1117 2944 001000
1128 2893 1179 2958 jem
1190 2894 1281 2960 pucelle
1296 2893 1385 2954 stetim,
1398 2899 1431 2940 ut

332 2972 505 3036 0000100ου00
515 2986 608 3035 semper
623 2971 737 3036 indigent,
756 2972 843 3021 bellum
859 2971 956 3038 eliquod
973 2975 1056 3024 nititur
1071 2975 1181 3026 muitum·
1213 2973 1277 3023 Aur.
1292 2973 1427 3024 Consente-

331 3067 402 3102 rseum
412 3059 456 3104 000.
474 3050 547 3116 [ddi]
571 3051 614 3102 80.
631 3051 660 3100 Iu
671 3067 719 3116 quo
735 3052 795 3101 illud
808 3053 904 3118 iusuper
915 3053 996 3113 efficit.
1006 3063 1035 3104 00
1044 3055 1085 3120 000
1097 3057 1140 3104 0010
1151 3071 1181 3104 00
1190 3062 1253 3112 eunt,
1269 3051 1428 3118 010000010οι-

331 3133 409 3182 1000000
429 3133 561 3197 sumptibus
579 3134 610 3182 ed
629 3133 793 3198 quotidianum
810 3135 898 3184 rictum
915 3137 1020 3186 conserti
1036 3143 1158 3201 cogentur.
1173 3134 1297 3198 minusque
1314 3133 1427 3182 edreteus

330 3221 457 3278 tyreunum
476 3212 573 3262 insidiee
590 3213 741 3264 meditentur.
772 3216 834 3264 Aur.
851 3215 931 3264 Petet.
963 3217 1006 3266 80.
1022 3217 1089 3274 Quin
1105 3217 1177 3265 etiem
1192 3215 1212 3263 si
1227 3229 1286 3278 quoe
1302 3211 1429 3276 emerent

330 3294 420 3344 10000011
434 3309 485 3343 esse
495 3293 592 3358 ingenio
601 3293 723 3359 preditos,
735 3295 850 3360 teleeque,
861 3303 888 3344 00
903 3297 1026 3360 imperium
1042 3296 1094 3361 ejus
1105 3295 1233 3346 0000000000
1242 3294 1381 3342 eidesntue:
1399 3299 1428 3340 ut
1447 3353 1451 3368 Ι

330 3375 361 3424 00
372 3391 413 3424 000
422 3374 605 3439 exstinguendos
615 3373 762 3424 0000000000
779 3376 874 3432 1000000,
890 3375 996 3426 horditus
1012 3375 1103 3440 objicit.
1137 3375 1183 3426 llis
1193 3375 1225 3424 de
1241 3371 1318 3423 censis
1327 3385 1426 3421 0000000

329 3461 374 3518 000,
384 3461 509 3520 tyrennorn
522 3469 615 3519 semper
632 3469 695 3502 nove
714 3453 776 3502 belle
794 3469 896 3506 morere.
927 3454 990 3505 Aur.
1007 3453 1120 3504 Necesse.
1154 3455 1197 3504 80.
1213 3454 1271 3511 Qus
1286 3452 1317 3500 de
1327 3465 1353 3500 00
1363 3450 1429 3500 eires

329 3535 373 3584 sibi
384 3535 488 3584 inleoeoe
497 3535 585 3584 reddit.
615 3533 679 3584 Ant.
695 3533 855 3598 Summopere.
887 3534 931 3586 do.
947 3533 1082 3585 Verisimile
1098 3542 1143 3593 est,
1163 3543 1190 3582 ut
1208 3529 1318 3582 nonnulli
1335 3545 1427 3593 comm,

329 3616 371 3680 000
382 3616 502 3680 tyrsnnidi
513 3614 635 3679 euffregeti
650 3621 706 3664 suut
722 3623 748 3663 00
765 3615 829 3679 0000
847 3622 974 3679 tyrennum
994 3614 1119 3679 plurimum
1138 3621 1245 3678 possunt,
1257 3611 1426 3662 endectertsm

328 3696 421 3746 0000000
431 3712 502 3761 quem
512 3711 567 3746 cunr
578 3712 616 3755 00,
626 3711 680 3761 000
688 3703 808 3760 geruntur,
819 3695 961 3760 inupmbent,
969 3696 1097 3760 presertim
1109 3695 1181 3759 siqui
1192 3692 1270 3742 eltiori
1282 3689 1427 3740 0010000001.

232 3795 237 3804 ·
329 3775 393 3826 Aur.
408 3777 550 3826 Verisimile.
582 3776 626 3828 80.
644 3771 1337 3840 000000000000000,000000000000000000000000000
1349 3769 1430 3832 001Ιο0,

331 3855 434 3904 simodo
444 3857 475 3905 sit
484 3857 658 3906 dominetumer
675 3871 799 3921 quousque
810 3856 927 3906 neminem
939 3856 1056 3922 relinquet
1072 3857 1199 3906 emioomm
1215 3853 1253 3903 sel
1264 3851 1376 3907 10000000,
1387 3849 1429 3915 00ιὶ

329 3932 429 3996 elicujns
440 3936 553 3984 momenti
570 3936 609 3986 eit.
642 3933 706 3984 Aur.
721 3935 877 3996 Meuiioetqrn
891 3936 918 3984 id
936 3936 1042 3999 quidem.
1073 3936 1117 3986 80.
1133 3935 1213 3985 Acute
1228 3933 1298 4000 igitur
1312 3931 1434 3996 inspicere

329 4013 397 4062 illum
408 4021 509 4076 oportet,
526 4015 578 4078 quie
589 4015 664 4072 000010.
674 4016 730 4080 quis
744 4015 915 4078 megneuimns,
928 4016 982 4079 quis
993 4016 1096 4080 prudens
1105 4024 1148 4065 000
1160 4014 1276 4064 discesit.
1293 4025 1380 4075 nempe
1391 4025 1434 4058 ue-

330 4107 378 4157 qne
387 4093 448 4141 edeo
458 4093 541 4142 bertus
550 4102 596 4154 eet,
606 4103 642 4154 ut,
653 4111 694 4146 seu
706 4094 763 4145 eelit
773 4112 816 4146 seu
826 4097 895 4152 nolit,
906 4096 942 4143 lris
953 4095 1062 4145 inimicus
1072 4095 1165 4145 iutnms
1174 4095 1221 4144 eit:
1239 4093 1322 4158 eisque
1332 4091 1431 4142 insidie-

329 4180 376 4229 tur,
398 4185 522 4236 quousque
541 4173 661 4224 cieitetem
683 4177 826 4241 0000000000.
859 4175 923 4228 Ans.
941 4175 1064 4241 Egregium
1085 4191 1143 4226 0000
1163 4175 1326 4241 purgetiooem
1345 4185 1438 4228 000000,

328 4250 371 4301 So.
389 4249 535 4302 Contmsism
552 4253 622 4316 pleue
633 4255 775 4306 medicorum
787 4257 930 4322 purgetioni.
946 4256 1061 4322 siquidem
1073 4257 1161 4306 medici
1172 4270 1305 4320 ecorpore,
1315 4253 1380 4318 quod
1391 4252 1436 4300 de·

329 4331 447 4386 sentimum
458 4338 504 4395 est,
511 4331 656 4397 sbstergunt.
667 4337 731 4398 quod
740 4354 794 4388 reru
804 4339 921 4404 optimum
929 4345 974 4394 est,
983 4336 1127 4402 relinquunt.
1137 4345 1219 4387 contre
1227 4345 1342 4401 lyrnesus
1351 4331 1436 4382 efficit.

328 4412 391 4462 Aur.
408 4411 453 4462 ille
464 4412 560 4475 quiden
571 4413 691 4464 00010000
702 4417 802 4481 cogitur,
814 4419 833 4466 ei
845 4419 917 4468 modo
928 4417 958 4464 sit
974 4417 1146 4468 dominetume.
1176 4415 1221 4466 80.
1238 4415 1314 4464 000000
1324 4411 1437 4464 nimitum

328 4491 468 4544 neceuitsle
479 4492 605 4548 edstrictus
624 4502 674 4558 est,
692 4511 745 4561 000
766 4497 802 4548 0111
819 4498 940 4564 precipit,
955 4505 982 4550 ut
999 4499 1036 4548 rol
1053 4513 1108 4550 oum
1125 4492 1444 4564 0100100000000001010000000
