3174 5306
331 508 400 567 rus
774 507 972 571 retronis
1045 521 1049 534 ·
1347 513 1427 594 [ste

336 677 475 726 comperire
486 677 559 726 quem
575 661 618 712 ille
635 661 817 728 possideetpqui
827 664 947 726 libererit3
963 664 1005 712 eed
1016 663 1131 728 quicquid
1139 664 1192 729 plus
1201 665 1316 722 hebuerit,
1326 667 1427 716 domino

336 741 414 792 detur.
429 745 526 792 libertus
538 753 625 800 eutem,
635 745 697 793 sicot
707 753 733 792 et
740 745 936 808 peregrini,oltre
945 746 1029 809 viginti
1037 759 1112 794 nouos
1120 746 1144 794 in
1151 747 1248 796 ciritnte
1255 763 1304 796 non
1314 757 1409 796 merent
1418 767 1427 806 ς

337 823 380 872 sed
397 833 452 888 post
467 825 494 873 id
509 826 634 890 temporie,
650 827 719 874 bonis
734 827 783 874 suis
800 828 913 891 receptis,
931 829 1016 886 ebret3
1033 827 1076 875 nisi
1095 826 1192 876 domino
1209 830 1331 892 quendem
1343 839 1427 876 snoet

337 905 511 970 magistretibue
528 907 679 971 persuaserit.
701 909 819 955 rientem
836 908 915 956 liberti
936 915 962 956 et
986 908 1105 972 peregrini
1124 909 1224 972 elicujus
1243 909 1305 958 bone
1324 910 1425 958 tertium

337 1001 436 1036 censum
451 989 599 1042 excesserint,
616 987 738 1050 trigesimo
755 988 803 1044 die,
818 997 973 1053 posteequnm
993 990 1039 1036 lroc
1054 989 1144 1038 tectum
1158 991 1362 1053 deprehensorum
1384 991 1426 1046 eit,

337 1069 407 1116 rebrrs
416 1070 462 1116 suis
472 1069 577 1133 receptis
586 1069 682 1117 mcedet
694 1086 700 1114 r
717 1083 763 1117 nec
772 1069 821 1117 ulle
831 1069 875 1118 sibi
886 1071 985 1118 ulterius
995 1071 1107 1118 menendi
1116 1071 1427 1134 incultesemegistretilsns

334 1149 486 1202 eoncedetur.
502 1152 557 1198 lruio
567 1150 615 1214 legi
625 1152 644 1198 ei
654 1150 707 1214 quie
716 1150 942 1214 nonoboemperssse
953 1150 1208 1206 condemnetusluerit,
1220 1157 1297 1199 morte
1305 1151 1426 1214 plectetur

336 1237 363 1278 et
381 1231 443 1278 bone
453 1245 496 1278 sue
506 1231 531 1278 in
542 1233 661 1295 publicum
672 1231 818 1294 redigentur.
834 1233 884 1278 hese
899 1231 1002 1280 tribuum
1015 1231 1112 1296 jndices
1122 1239 1284 1295 cognoscent:
1301 1231 1346 1278 uisi
1356 1230 1425 1293 prins

336 1325 380 1374 per
399 1311 488 1360 ricinos
505 1320 531 1360 et
547 1313 645 1360 erbitros
659 1312 780 1376 litigantes
792 1311 913 1361 conciliati
927 1313 1023 1360 luerint.
1038 1313 1060 1360 si
1077 1312 1130 1375 quis
1140 1312 1227 1360 enimsi
1237 1321 1279 1359 eut
1289 1325 1340 1359 rem
1350 1311 1423 1358 elien

337 1405 405 1440 suem
414 1407 466 1440 esse
473 1393 532 1441 dicit
540 1409 546 1438 r
563 1393 605 1457 qui
613 1393 693 1453 hebet,
703 1392 735 1440 ed
742 1408 796 1441 eum
804 1392 898 1449 referet,
906 1393 948 1456 qui
955 1393 1065 1441 vendidit
1073 1393 1111 1441 vel
1120 1393 1224 1456 legitime
1232 1392 1424 1454 sufficienterque

337 1471 436 1522 donsvir
452 1474 490 1522 rol
509 1474 719 1537 quomodocunque
738 1474 806 1521 eliter
822 1475 900 1521 relide
916 1475 1060 1535 firmiterque
1076 1473 1193 1522 tradidit:
1209 1481 1235 1520 et
1249 1473 1342 1526 veritee,
1358 1469 1425 1519 eled

337 1554 415 1602 civem
429 1555 468 1602 rel
487 1555 550 1602 urbis
569 1554 671 1602 incolens
679 1554 722 1600 ille
733 1552 824 1608 retulit,
834 1553 899 1599 intre
912 1553 1011 1616 triginta
1020 1552 1072 1600 dies
1082 1551 1235 1600 invenietur:
1252 1552 1377 1600 sinentem
1389 1551 1423 1600 ed

336 1643 454 1690 externos,
464 1635 585 1684 mensibus
594 1635 713 1698 quinque:
730 1647 828 1696 quorum
844 1631 937 1680 medius
954 1633 994 1680 ille
1012 1633 1043 1680 sit
1052 1631 1149 1688 mensis,
1159 1631 1185 1679 in
1196 1647 1245 1696 qno
1255 1631 1287 1680 eb
1296 1633 1378 1680 estivo
1387 1633 1425 1681 sol

336 1715 423 1764 cuculo
433 1715 597 1762 edhiemelem
604 1714 712 1762 recurrit.
727 1729 876 1778 quecunque
890 1714 993 1761 eruendo
1007 1712 1181 1777 vendendoque
1197 1721 1379 1768 commutentur,
1396 1715 1423 1762 in

336 1803 424 1844 stetuto
430 1794 534 1843 ioriloco
539 1802 709 1858 permutentur,
717 1793 990 1858 dendoeccipieudoque
998 1795 1062 1842 ultro
1069 1794 1175 1858 citroque
1183 1809 1231 1842 reru
1245 1797 1311 1844 etrei
1320 1795 1423 1860 pretium

336 1876 411 1933 illioo,
423 1891 468 1924 nec
478 1876 565 1925 elieubi
575 1876 640 1924 stibi.
654 1875 722 1924 nulls
738 1889 795 1924 vero
811 1877 900 1940 emptio
910 1875 1064 1940 saeuusque
1079 1875 1112 1924 ed
1121 1877 1247 1926 terminum
1257 1875 1307 1926 liet.
1324 1875 1388 1940 quod
1404 1877 1426 1924 si

337 1957 407 2006 eliter
417 1966 460 2006 eut
469 1957 556 2030 inleliis
567 1957 626 2006 locis
636 1957 776 2022 permutatio
785 1956 849 2005 fecte
859 1956 938 2014 luerit,
949 1957 1043 2005 nullum
1058 1957 1089 2005 sit
1103 1957 1232 2006 semndum
1243 1958 1320 2021 legem
1331 1957 1364 2006 ds
1372 1957 1427 2021 ipse

333 2037 459 2103 judicium.
476 2039 520 2088 sed
531 2054 580 2088 neo·
591 2039 622 2088 de
639 2039 774 2093 cellotiune,
791 2053 845 2087 cum
853 2038 963 2086 nonnulli
973 2038 1004 2086 ed
1015 2038 1107 2104 eliquid
1118 2040 1177 2087 inter
1186 2054 1211 2087 se
1222 2039 1340 2103 egendurn
1350 2054 1428 2102 pece-

337 2119 400 2168 niem
418 2122 458 2169 rel
473 2120 572 2184 quodvis
590 2119 655 2170 eliud
674 2121 805 2178 conferent,
816 2119 936 2184 judicium
953 2119 1076 2170 reddetur.
1092 2120 1206 2176 venditor,
1224 2120 1264 2184 qui
1274 2121 1378 2184 metium
1389 2121 1427 2168 rei

338 2201 441 2250 tendite
461 2218 509 2250 non
529 2203 608 2252 minus
624 2217 696 2267 quem
712 2202 884 2266 quinquaginta
907 2202 1039 2258 drechmes,
1056 2202 1155 2266 ecoepit,
1176 2201 1256 2248 dwem
1277 2202 1303 2248 in
1323 2201 1427 2249 civitete

339 2283 471 2330 receneris
488 2281 540 2331 dies
551 2290 689 2347 exspectet3
705 2298 751 2332 nec
771 2283 922 2331 diversorium
939 2281 994 2346 ejus
1012 2292 1103 2347 emptor
1119 2261 1226 2346 ignorec'
1236 2279 1310 2345 [⁹1⁶]
1326 2281 1352 2329 id
1364 2295 1430 2329 reto

338 2364 485 2426 querelermn
503 2363 709 2428 redditionumque
728 2364 885 2428 legitimarum
904 2365 986 2426 gretie,
997 2379 1050 2429 que
1060 2364 1083 2412 iu
1093 2364 1129 2412 his
1139 2363 1277 2426 contingere
1286 2363 1375 2418 solent,
1390 2361 1430 2410 ite

339 2442 390 2492 fieri
407 2445 524 2492 volumus.
538 2444 641 2494 redditio
657 2454 735 2493 eutem
747 2445 851 2509 legitime
861 2460 933 2494 enon
942 2445 1049 2509 legitime
1056 2446 1089 2493 ite
1098 2445 1248 2494 ‹ttseern'rtnrs
1261 2445 1358 2508 quendo
1375 2443 1430 2509 quie

338 2536 432 2572 servum
447 2525 565 2580 vendidit,
583 2527 693 2589 phrenesi
710 2527 748 2573 vel
764 2526 856 2574 calculo
870 2528 909 2574 vel
919 2529 1053 2590 strengurin
1064 2528 1141 2575 veleo
1150 2527 1241 2582 morbo,
1252 2541 1323 2588 quern
1333 2539 1427 2572 eecrnre

339 2605 471 2666 eppellent,
489 2612 532 2654 eut
546 2606 594 2654 elie
607 2607 692 2670 quevis
705 2607 813 2671 plurimis
822 2609 915 2656 occulte
923 2615 948 2656 et
957 2610 1028 2672 louge
1038 2617 1064 2656 et
1075 2624 1136 2672 egro
1146 2607 1246 2655 senebili
1260 2607 1367 2670 corporis
1375 2605 1427 2652 sive

339 2685 424 2732 mentis
432 2685 574 2748 egritudine
581 2687 734 2744 leborsntrrn,
741 2689 762 2736 si
769 2687 875 2736 medicus
883 2699 925 2736 eut
933 2691 1093 2754 gymneeticus
1100 2689 1165 2743 emit,
1175 2687 1278 2736 reddere
1288 2701 1337 2734 non
1344 2686 1428 2734 lineet:

339 2763 383 2813 eud
401 2781 446 2814 neo
463 2767 544 2829 etiem,
562 2769 656 2828 queudo
674 2768 783 2815 venditor
799 2769 899 2830 emptori
917 2769 992 2815 cuivis
1007 2771 1130 2817 veritatem
1140 2767 1285 2830 predixerit.
1301 2768 1337 2814 e'tn
1348 2775 1430 2814 euim

340 2846 422 2896 ordior
432 2847 517 2911 eliquis
527 2847 662 2910 hujusmodi
672 2861 747 2894 return
756 2846 847 2910 peritus
857 2845 939 2908 iguero
949 2853 975 2893 et
983 2846 1038 2894 rudi
1048 2845 1151 2910 cuipieru
1170 2848 1219 2894 tele
1237 2845 1327 2912 eliquid
1344 2847 1428 2895 rendi·

340 2927 391 2976 dit:
408 2927 449 2992 qui
465 2927 530 2984 eruit,
548 2927 606 2978 citre
622 2943 664 2976 een
681 2927 815 2976 mensorio
833 2926 903 2974 eliis:
920 2927 945 2974 in
963 2927 1046 2975 morbo
1060 2941 1117 2975 veto
1135 2941 1286 2991 seoronsqne
1297 2928 1327 2975 ed
1338 2941 1429 2976 mene

339 3009 458 3072 integrm
472 3009 572 3058 reddere
590 3009 673 3074 poerit.
685 3007 804 3072 judicium
819 3023 876 3056 vero
891 3008 972 3056 herum
989 3023 1068 3056 rerum
1078 3008 1144 3072 spnd
1153 3009 1255 3056 medicos
1265 3016 1357 3071 egetur,
1366 3023 1431 3071 quoe

339 3091 456 3139 communi
475 3105 591 3139 consensu
607 3091 726 3154 litigantes
745 3088 868 3152 elegerint.
883 3095 909 3136 et
925 3091 966 3152 qui
980 3091 1152 3138 condemnetur
1158 3089 1234 3143 tuerit,
1244 3089 1340 3151 duplum
1350 3089 1429 3152 pretii

340 3170 402 3235 ejus,
413 3185 459 3235 quo
470 3171 585 3228 vendidit,
595 3171 695 3236 emptori
706 3169 833 3234 persolvet.
849 3168 944 3233 quodsi
956 3171 1077 3234 imperitus
1094 3170 1202 3234 imperito
1216 3167 1331 3231 vendidit,
1338 3183 1429 3232 qnem-

340 3251 466 3302 admodum
487 3252 518 3300 de
534 3251 690 3317 superioribus
705 3253 851 3308 dictumest,
862 3251 963 3299 redditio
976 3251 1141 3316 judiciumque
1150 3250 1205 3298 fiet:
1223 3249 1297 3314 etqui
1304 3249 1432 3298 eonvictne

340 3335 421 3396 fuerit,
432 3335 531 3398 simplex
542 3335 645 3398 pretinm
655 3332 753 3382 deleret.
768 3331 864 3396 quondo
874 3331 926 3397 quis
934 3333 1077 3382 homicidum
1087 3331 1203 3388 vendidit,
1215 3331 1236 3379 si
1246 3330 1431 3393 edeusqnidens

340 3417 433 3474 enisum
442 3431 490 3464 uon
502 3415 625 3464 reddetur:
642 3415 663 3463 si
673 3413 797 3469 nescienti,
808 3421 866 3462 tunc
875 3412 996 3470 reddetur,
1008 3415 1102 3479 quendo
1114 3413 1214 3462 senserit
1224 3421 1328 3476 emptor.
1338 3410 1433 3460 idvero

338 3497 445 3562 juniores
458 3497 489 3545 de
509 3499 586 3562 legum
603 3494 739 3546 custodibus
748 3495 852 3560 quinque
862 3503 1014 3560 cognoscent.
1031 3511 1059 3544 ec
1069 3495 1090 3543 si
1099 3495 1278 3558 nouigeorsnee
1284 3492 1432 3550 invenietur,

341 3579 454 3644 emptoris
471 3578 567 3626 domum
585 3578 661 3642 primo
675 3578 805 3626 secundum
815 3577 894 3639 legem
909 3577 1062 3641 interpretum
1080 3576 1203 3640 epiecnlie
1221 3581 1319 3640 purget:
1336 3572 1431 3622 deiude

341 3661 412 3725 pretii
420 3660 515 3725 triplum
524 3659 560 3708 illi
568 3659 679 3724 deponet.
689 3659 730 3722 qui
737 3658 859 3707 minimum
867 3673 910 3723 pro
919 3659 1031 3722 minimis,
1039 3658 1176 3722 sntqneris
1183 3657 1302 3711 enirnelie,
1311 3663 1335 3703 et
1342 3663 1435 3712 cetere,

343 3757 489 3807 quecunque
500 3742 568 3797 velit,
579 3748 713 3797 commutet,
722 3755 767 3789 nec
774 3740 858 3788 stent
867 3755 913 3788 nec
924 3740 1025 3804 recipiet
1034 3737 1435 3802 edulteretumqniequmegem·

342 3839 389 3888 qne
406 3825 477 3872 istern
498 3824 625 3888 diligenter
642 3825 757 3872 observet.
775 3822 817 3869 sed
828 3821 883 3870 lruic
891 3837 983 3885 quoque
994 3821 1051 3884 legi,
1060 3818 1257 3884 quemedmodum
1267 3817 1359 3881 legibue
1370 3817 1435 3872 eliis,

342 3901 462 3953 exordium
479 3913 638 3969 preponetur.
654 3904 849 3954 sduttersrionem
866 3903 964 3967 quidem
979 3902 1127 3950 menducium
1137 3900 1353 3964 deceptionemque
1364 3899 1437 3962 qneei

343 3999 496 4049 genusunum
504 3995 588 4048 putere
598 3993 698 4050 oportet.
714 3987 739 4034 in
757 4000 805 4049 quo
820 3999 878 4034 eene
893 3986 1018 4033 multorum
1028 3981 1176 4032 demnendus
1186 3989 1225 4030 est
1236 3995 1322 4037 vermo,
1332 3981 1374 4044 qni
1384 3980 1433 4029 hoc

341 4065 403 4129 ipso,
420 4065 606 4130 quendocunque
624 4073 757 4132 opportune
778 4067 814 4126 tr,
832 4073 897 4115 reete
917 4081 943 4114 se
962 4065 998 4114 uti
1014 4065 1146 4114 sffirmrnt:
1164 4077 1266 4126 cumque
1282 4061 1434 4110 nonnionem

344 4149 428 4211 ipsum,
439 4145 479 4193 nbi
489 4157 514 4193 et
522 4147 626 4211 quoodo,
636 4163 683 4198 non
693 4148 860 4204 determinent,
872 4155 897 4196 et
906 4147 950 4196 eibi
959 4156 985 4195 et
993 4146 1046 4195 eliis
1056 4147 1101 4195 lton
1112 4145 1184 4193 verbo
1202 4145 1303 4192 multum
1320 4141 1438 4192 eunuc.

342 4227 403 4291 legis
414 4235 491 4274 eutero
502 4227 563 4275 letor
578 4229 611 4276 ite
627 4229 832 4279 indetemrinetunr
849 4230 912 4277 istud
931 4244 978 4277 nou
995 4228 1106 4276 omittet:
1123 4225 1168 4275 sed
1181 4227 1308 4290 diligenter
1325 4223 1437 4288 plnrilree

343 4308 522 4374 pencioribusve
540 4309 649 4358 terminis
664 4309 801 4360 declersbit.
816 4310 881 4376 etqui
898 4317 999 4358 etuuuc
1018 4309 1054 4357 ite
1069 4307 1256 4357 determinetur:
1284 4319 1354 4355 nemo
1377 4303 1437 4353 Diis

343 4389 461 4440 invocetis
480 4390 629 4438 mendatium
644 4391 716 4448 dicet,
733 4401 774 4441 eut
792 4393 904 4456 decipiet,
917 4397 960 4440 eut
977 4391 1112 4438 edulterere
1127 4387 1199 4438 verbo
1217 4387 1255 4436 vei
1266 4403 1292 4436 re
1306 4385 1438 4450 quinquen

343 4472 437 4528 nudent,
454 4471 499 4520 nisi
516 4471 572 4519 Deo
589 4471 647 4520 velit
664 4471 719 4521 odio
736 4489 796 4522 esse.
813 4473 886 4540 [917]
904 4473 942 4522 coi
961 4471 1057 4537 quidem
1070 4472 1173 4535 primurn
1193 4467 1249 4517 odio
1267 4479 1312 4524 est,
1322 4465 1439 4530 quintus

340 4552 423 4615 jurene
440 4553 506 4603 Deos
516 4554 583 4615 perri
597 4552 680 4618 pendit
692 4571 697 4601 r
715 4554 803 4604 deinde
814 4556 855 4620 qni
865 4569 942 4606 eorem
959 4553 1088 4618 ruejoribns
1097 4567 1124 4602 ss
1134 4551 1253 4602 rnenu'tur.
1267 4548 1365 4614 mejeree
1376 4561 1449 4598 vern·
