3170 5300
318 511 376 570 m
763 503 961 564 nuruonrs
1327 501 1401 582 [499

317 665 411 716 eieitete
422 667 551 728 potentem,
568 659 641 727 [tot]
658 671 777 722 nunqnem
788 665 829 706 ent
839 673 910 706 nnnm
930 664 971 705 snt
989 655 1066 720 plnres
1083 653 1163 704 intuiti
1180 661 1243 704 sunt.
1263 669 1293 702 en
1310 653 1398 718 putes?

318 747 384 796 Aur.
398 743 471 792 Nullo
481 743 559 792 modo.
594 741 636 790 So.
654 739 740 804 Neque
756 753 892 802 nuquem‚o
911 739 988 794 berte,
998 737 1141 786 sermonibus
1159 752 1226 786 eures
1244 735 1401 786 adhibuerunt

320 826 424 876 honestis
433 841 461 874 ec
471 823 555 882 liberis,
566 821 650 888 quibus
661 821 746 868 obnixe
756 827 781 868 et
792 819 856 867 omni
867 818 945 866 studio
956 817 1068 868 noscendi
1078 819 1152 882 gretie
1171 833 1249 868 rernm
1268 816 1401 882 inquiritur·

320 909 372 958 bec
382 915 459 956 entem
470 906 541 970 plens
551 903 656 952 versutiie
666 911 691 950 et
702 901 827 950 subornete
836 899 961 964 litigiorum
972 899 1165 954 meebinemente‚
1176 897 1233 946 nibil
1244 897 1308 946 eliud
1327 912 1402 960 eppe·

322 989 396 1038 tentis
403 1001 474 1052 quens
482 985 626 1051 opinionem,
636 985 728 1032 inenenr
737 982 843 1046 glorium,
850 981 1024 1030 contentionem
1036 987 1083 1028 teni
1093 981 1118 1028 in
1125 978 1223 1042 judiciis
1240 993 1309 1041 qnenr
1326 977 1402 1042 pries-

321 1070 352 1118 tis
363 1067 496 1132 colloquiis,
506 1067 651 1114 omittuntur.
683 1063 745 1112 Ans.
762 1061 818 1110 Nun
829 1070 899 1140 certe.
932 1061 973 1110 So.
989 1061 1154 1120 Queruobrem‚
1165 1075 1218 1108 cnrn
1229 1060 1279 1106 hnc
1289 1056 1335 1122 ipsi
1343 1072 1402 1122 pree·

323 1151 452 1198 videremur
464 1155 671 1210 metueremnsque,
683 1145 781 1193 veritete
792 1145 868 1192 eoeoti
887 1142 988 1192 dirimuc
1005 1157 1082 1206 neque
1101 1141 1219 1202 ciritetenr
1238 1138 1310 1188 ullem
1327 1153 1403 1202 neque

323 1245 370 1280 reru
381 1228 498 1292 publicem
509 1243 585 1292 neque
596 1227 668 1274 rimur
678 1225 805 1290 perlectum
817 1225 876 1282 iore,
887 1223 1020 1288 prineqnem
1031 1223 1113 1286 pencie
1123 1221 1187 1270 bisce
1198 1221 1351 1286 pbilosophis,
1361 1219 1402 1283 qni

323 1325 367 1360 nec
377 1309 432 1358 meli
443 1325 487 1358 nec
496 1308 591 1356 inutiles
602 1315 665 1365 sunt,
676 1314 703 1355 nt
714 1305 783 1370 vulgo
794 1305 960 1362 existimentur,
971 1304 1095 1354 necessitas
1104 1304 1212 1368 quedem
1225 1311 1286 1352 sorte
1296 1301 1403 1366 contige·

322 1389 353 1438 rit
365 1397 398 1448 nt,
410 1405 450 1438 seu
461 1388 535 1438 velint
544 1405 585 1437 sen
596 1388 680 1444 nolint,
691 1387 792 1436 civitatis
802 1401 879 1435 eurem
890 1385 1028 1448 suscipient,
1038 1385 1074 1434 vel
1092 1400 1106 1432 s
1125 1384 1216 1433 civibus
1234 1383 1402 1432 exaudientur:

320 1471 359 1520 sel
369 1471 450 1520 sellem
460 1471 496 1520 bis
506 1468 547 1534 qni
566 1468 722 1524 dominentur,
731 1475 772 1516 ent
788 1483 867 1515 eornm
883 1456 947 1524 bliir,
958 1467 1038 1514 divine
1055 1465 1156 1530 quedem
1173 1464 1331 1528 impiatione,
1343 1478 1403 1512 verm

322 1551 476 1618 philosophie
486 1566 552 1598 verne
562 1565 625 1597 emor
635 1549 759 1599 inheserit.
790 1548 862 1606 Quod
874 1557 951 1598 entem
962 1547 1033 1598 eltere
1047 1549 1128 1596 borum
1148 1547 1184 1594 rel
1203 1554 1299 1610 utreque
1315 1546 1403 1610 impos·

324 1632 466 1688 sibiliesint,
477 1631 627 1680 demonstrari
646 1646 782 1700 tromper„
800 1629 903 1678 arbitror.
920 1630 1024 1693 elioqnin
1038 1629 1093 1692 jure
1110 1627 1156 1694 ipsi
1174 1627 1404 1690 irrideremnr‚qnesi

324 1728 361 1762 res
373 1729 414 1777 pro
422 1712 536 1762 desiderio
546 1711 690 1775 effingenter.
705 1726 735 1758 su
747 1727 793 1758 non
803 1711 855 1760 ite?
887 1710 949 1760 Anr.
966 1710 1111 1774 ltsprorsns.
1143 1709 1185 1758 So.
1202 1709 1328 1773 Siquando
1336 1707 1405 1772 igitur

326 1793 382 1842 olim
393 1793 486 1842 infinito
497 1801 599 1856 ternpore
607 1800 725 1855 annecto,
733 1792 806 1840 niriin
815 1790 962 1856 pbilosophis
971 1791 1250 1856 prestentesueeessitste
1258 1788 1351 1854 impulsi
1358 1805 1404 1838 reru

327 1873 443 1939 publicem
454 1874 611 1938 gubernarunt
621 1873 656 1922 vel
676 1873 739 1922 bisce
755 1873 897 1936 temporibus
915 1881 999 1936 regunt
1015 1873 1134 1922 berberice
1152 1873 1253 1936 quedem
1271 1871 1297 1918 in
1312 1870 1405 1934 regione

326 1955 395 2004 nobis
403 1953 567 2018 ineocersibili,
578 1954 614 2002 vel
625 1953 648 2002 iu
659 1954 761 2002 inturnnr
771 1953 982 2002 sdrninistrebnut:
999 1955 1024 2002 irr
1035 1956 1081 2002 boc
1091 1961 1153 2003 certe
1163 1969 1236 2000 rerum
1247 1959 1308 2000 stetu
1325 1951 1406 2016 procul

326 2036 400 2084 dnbio
418 2031 573 2084 essev'orenrus
591 2050 638 2082 rem
655 2035 773 2100 publicem
790 2050 859 2098 snpre
878 2035 1018 2098 descriptum
1035 2035 1114 2090 inisse,
1131 2049 1181 2082 esee
1197 2047 1225 2082 ec
1243 2032 1300 2088 lore,
1311 2031 1406 2095 qusudo

327 2115 417 2165 civitati
427 2117 478 2164 bec
489 2115 560 2164 Musa
571 2115 648 2179 praerit
655 2131 663 2176 ς
682 2114 730 2162 lieri
740 2123 802 2162 certe
819 2114 844 2162 id
864 2123 950 2178 potest,
961 2130 1037 2178 neque
1053 2130 1096 2166 nos
1112 2113 1264 2178 impossibilis
1280 2112 1405 2175 fingimus:

327 2197 432 2246 difficilis
440 2205 517 2246 tsrrreu
527 2198 578 2244 baec
589 2212 638 2244 ense
649 2213 663 2243 e
674 2196 742 2244 nobis
752 2211 845 2260 qnoque
856 2211 966 2244 concesse
975 2197 1075 2244 inerunt.
1106 2193 1167 2242 rior.
1183 2194 1246 2242 Mihi
1261 2209 1356 2258 quoque
1373 2194 1408 2240 its

327 2277 427 2328 videtur.
461 2277 502 2326 So.
519 2276 715 2338 Arruntanum,
726 2277 796 2340 vulgo
807 2276 832 2324 id
851 2291 898 2324 non
918 2275 999 2324 rideri.
1030 2275 1091 2323 Aur.
1106 2274 1185 2322 Forte.
1217 2274 1259 2322 So.
1275 2273 1315 2322 Ne
1332 2289 1408 2338 usqne

328 2359 388 2407 edeo
400 2358 483 2422 vulgus
493 2357 583 2422 culpes,
593 2373 608 2405 0
619 2356 654 2405 vir
664 2359 739 2408 besto·
755 2373 833 2406 verum
846 2357 903 2421 qnid
914 2372 954 2406 eos
964 2357 1096 2420 opineturoe
1111 2355 1265 2410 existimaui
1283 2369 1331 2402 non
1350 2369 1408 2404 coe·

328 2440 440 2490 tentionis
450 2439 537 2494 studio,
548 2440 588 2488 sed
600 2437 680 2488 amicis
690 2439 792 2496 monitis,
803 2437 915 2488 dissolute
925 2437 1079 2502 philosophie
1089 2437 1185 2485 edserse
1195 2437 1320 2492 alumnis.
1331 2441 1409 2484 osten·

328 2521 380 2578 des,
390 2536 449 2585 quoe
459 2519 603 2584 potissimum
614 2521 674 2570 viror
685 2519 789 2584 rppellns
799 2521 959 2584 philosophos,
967 2529 992 2568 et
1001 2527 1028 2568 nt
1037 2534 1112 2582 nuper
1121 2516 1251 2581 distingues
1259 2525 1284 2566 et
1291 2517 1408 2582 ingenium

328 2600 431 2665 ipsorum
441 2609 466 2648 et
476 2599 586 2657 studium,
605 2598 678 2664 [000]
696 2616 725 2648 00
736 2608 759 2648 te
771 2601 917 2664 suspieentur
926 2617 967 2650 eos
976 2601 1063 2660 dicere,
1073 2613 1132 2663 quoe
1143 2598 1188 2662 ipsi
1200 2598 1317 2662 cogitent:
1336 2597 1373 2646 vel
1391 2596 1411 2646 si

328 2681 363 2730 ite
373 2680 530 2742 conceperint,
541 2679 589 2728 lelll
600 2696 640 2728 eos
650 2679 761 2744 opinione
772 2681 856 2730 dixeris
865 2697 908 2730 rreo
919 2683 949 2730 ed
961 2681 1080 2746 proponite
1099 2680 1258 2743 respondere?
1273 2695 1303 2726 en
1321 2693 1410 2734 censes,

330 2759 435 2824 inqnem,
445 2760 554 2808 edrersur
563 2759 641 2808 mitem
653 2760 724 2808 virum
735 2761 818 2808 irritnrl
828 2762 949 2826 aliquem?
965 2771 1006 2810 eut
1016 2762 1133 2810 bominem
1144 2760 1193 2808 eine
1202 2760 1289 2808 invidie
1297 2767 1322 2808 et
1329 2758 1410 2822 rneliq·

330 2840 404 2889 rritete
414 2841 462 2888 viro
473 2855 520 2888 non
529 2840 609 2888 invido
619 2841 741 2890 invidere?
774 2841 890 2905 Equidem
901 2857 943 2906 pro
963 2850 987 2890 te
1006 2843 1144 2906 respondeo,
1155 2857 1203 2890 non
1220 2841 1244 2888 in
1262 2839 1410 2890 multitudine

329 2921 459 2978 bominum,
468 2921 509 2968 sed
520 2921 544 2968 in
555 2922 636 2986 perrois
646 2921 771 2970 edmodnrn
782 2923 843 2970 edeo
854 2922 964 2970 immitem
984 2922 1060 2970 inerte
1078 2929 1192 2970 netnrenr.
1223 2921 1284 2968 Aur.
1300 2919 1366 2968 idem
1386 2927 1411 2968 et

330 3001 382 3066 ipre
392 3001 478 3064 cogito·
510 3001 552 3050 So.
569 3001 609 3050 An
620 3009 644 3050 et
653 3003 698 3050 hoc
716 3002 823 3068 cogitur?
841 3017 943 3060 oensem.
955 3003 987 3052 ob
1004 3017 1075 3066 quern
1093 3002 1219 3050 multitudo
1237 2999 1409 3065 philosophicus

330 3081 412 3146 iniquo
423 3081 499 3130 nnimo
509 3082 561 3138 lert,
571 3099 612 3132 eos
622 3099 681 3142 esse.
691 3083 795 3148 quicum
806 3084 880 3148 inepti
890 3085 920 3132 ed
933 3083 1104 3147 pbilosopbiem
1120 3083 1173 3140 sint¹
1185 3097 1235 3132 errn
1252 3081 1349 3146 professi
1367 3082 1411 3130 bo·

331 3163 406 3210 mines
414 3162 521 3212 consitiis
530 3161 614 3227 peesirn
626 3164 749 3220 lacessunt,
760 3171 793 3222 et,
803 3165 870 3229 qussi
881 3165 1007 3214 inimicitiis
1017 3164 1171 3226 delectentur,
1180 3178 1269 3226 senrper
1283 3163 1314 3212 de
1332 3163 1411 3210 ostei-

330 3245 375 3292 bus
385 3243 550 3310 obloquuntur,
561 3261 608 3294 reru
617 3254 713 3310 egentes
724 3245 876 3310 pbilosopbiae
887 3245 981 3294 ruinirne
992 3260 1127 3310 congruum.
1158 3243 1220 3292 rior.
1235 3243 1346 3292 Omnino.
1357 3243 1413 3295 .So.

331 3323 417 3390 Neque
427 3326 489 3374 eninr
499 3326 548 3374 viro
559 3326 602 3381 illi,
613 3343 628 3374 o
639 3325 775 3383 Adimsnte.
786 3328 828 3390 qni
838 3343 929 3376 omnem
941 3326 1025 3374 ruentis
1034 3326 1108 3376 eciem
1119 3327 1149 3374 ed
1160 3341 1197 3384 ee,
1207 3340 1261 3389 quer
1279 3339 1331 3372 rere
1350 3331 1413 3380 eunt.

332 3404 425 3469 direxit,
445 3406 518 3454 otinrn
536 3413 650 3470 superest,
668 3422 715 3470 quo
733 3406 827 3470 negotia
845 3406 964 3454 hominnm
984 3406 1094 3456 inferiore
1113 3405 1346 3470 raptoremque
1366 3404 1413 3452 illis

332 3501 441 3550 pnqneus
460 3486 572 3534 invidiam
592 3485 635 3534 sibi
657 3496 681 3536 et
697 3486 883 3536 meleroleutiem
898 3487 1002 3536 conflet:
1019 3488 1059 3536 sed
1079 3503 1115 3543 ee,
1131 3501 1184 3550 qne
1202 3501 1293 3548 eernper
1312 3485 1413 3534 eundern

333 3572 425 3614 cenent
445 3565 558 3622 ordinem,
579 3567 758 3630 contempletur,
775 3583 829 3631 quer
848 3582 925 3630 nequo
948 3567 1050 3616 inierunt
1070 3567 1171 3616 invicem
1197 3581 1274 3631 neque
1296 3567 1414 3630 petinntnr

332 3645 450 3710 injurium,
460 3646 538 3694 omnis
556 3661 610 3694 sero
630 3656 710 3696 orosto
729 3655 754 3694 et
774 3647 902 3696 ucundrnn
922 3647 1035 3698 rstionenr
1054 3647 1168 3712 disponite
1187 3655 1251 3696 suut·
1273 3655 1344 3711 etque
1365 3647 1415 3694 liene

333 3726 446 3788 imitetur,
467 3742 538 3791 seque
558 3727 594 3774 bis
614 3743 683 3792 quem
709 3727 850 3776 simillimum
875 3728 960 3776 reddit.
985 3744 1016 3778 en
1041 3737 1109 3794 putes
1135 3728 1186 3778 fieri
1211 3743 1289 3792 pesse,
1309 3727 1414 3778 utillud

332 3823 382 3856 non
400 3807 502 3856 imitetur
519 3807 612 3872 eliquit,
622 3808 662 3858 cui
678 3823 731 3858 curn
748 3825 826 3858 eruore
845 3809 1025 3860 admirabundus
1043 3810 1164 3858 adime?
1196 3807 1258 3858 Ans.
1275 3808 1348 3856 Nullo
1366 3823 1416 3856 rno-

334 3887 375 3936 do.
406 3888 447 3938 su.
464 3887 542 3946 Quere
561 3905 613 3938 enm
633 3890 785 3954 philosophus
802 3890 883 3940 divino
899 3899 969 3954 etque
987 3891 1072 3940 decom
1088 3891 1220 3955 frequenter
1235 3890 1361 3946 sdbeceet,
1380 3888 1417 3937 di·

335 3967 403 4016 rinus
414 3968 464 4032 ipse
475 3977 545 4032 etque
563 3969 671 4028 decorum
682 3973 760 4034 quoed
776 3972 865 4022 bomini
883 3972 993 4037 punibile
1011 3979 1055 4028 ost,
1065 3971 1171 4020 eflicitur·
1194 3971 1311 4021 celnsnnis
1327 3969 1418 4020 rcrnie

337 4047 444 4096 omnibns
455 4049 535 4098 rnnlte.
566 4051 626 4104 Aur.
643 4053 682 4102 Sic
692 4062 729 4104 est
738 4053 843 4104 omnino.
875 4053 917 4102 So.
933 4053 960 4102 Si
970 4069 1026 4117 crgo
1036 4053 1174 4102 neoesrinte
1191 4052 1270 4116 eliqne
1285 4051 1420 4108 inducetur.

336 4137 364 4178 nt
374 4145 411 4185 ee,
421 4143 475 4193 ques
485 4129 533 4180 illic
544 4131 654 4191 intuetur,
667 4134 697 4182 cd
707 4135 911 4202 moreslbonrirrum
921 4134 1026 4199 privatim
1045 4143 1070 4184 ct
1086 4134 1181 4198 publice
1200 4133 1331 4195 trsnsloeet,
1340 4147 1419 4194 neque

337 4225 363 4258 se
373 4218 471 4268 tentum,
483 4214 523 4262 sed
533 4220 559 4261 et
572 4213 632 4262 elios
641 4215 743 4264 iormetr
760 4217 866 4282 nunquid
875 4217 972 4264 inertem
990 4215 1081 4264 lebrnrn
1099 4213 1259 4278 temperentia
1273 4212 1419 4279 justitiaque

337 4298 362 4338 et
372 4290 483 4340 uulsersoe
493 4293 613 4359 populeris
623 4293 714 4344 rurum
724 4297 773 4346 lore
783 4297 859 4362 iprum
876 4294 1011 4346 existimes?
1043 4295 1105 4346 Aur.
1120 4295 1229 4346 Minime.
1260 4295 1303 4346 So.
1320 4294 1346 4344 Si
1363 4309 1419 4342 see·

337 4371 380 4420 tiet
391 4371 473 4437 vulgus
484 4390 537 4422 vere
553 4389 596 4422 nos
615 4374 646 4422 de
663 4375 709 4424 boe
727 4376 855 4440 perhibere.
865 4391 896 4426 en
911 4375 1056 4440 philosophie
1073 4377 1228 4434 rucoensebit,
1238 4377 1353 4441 nobbqne
1370 4389 1421 4422 non

336 4453 416 4504 credet
425 4453 557 4506 dicentibus
567 4469 614 4502 non
625 4454 692 4506 elitcr
700 4457 817 4508 civitatem
829 4459 878 4508 iore
894 4457 994 4515 beclem
1005 4472 1076 4521 quern
1092 4458 1111 4504 ri
1128 4473 1189 4516 eenr,
1201 4457 1302 4522 pictores
1319 4456 1422 4506 forment

336 4535 377 4601 qni
387 4535 467 4586 divino
478 4543 573 4585 utuntur
582 4535 706 4601 exemplo?
738 4535 801 4592 Anr.
816 4539 973 4606 Neqnequem
989 4539 1176 4597 succenseblt‚si
1192 4537 1297 4590 senserit.
1329 4535 1420 4586 tern-
