3110 5320
106 537 162 612 rs]
583 537 758 598 urrisun.

107 692 215 742 bonu‘nes
224 691 328 743 editors.
345 694 380 742 bis
391 693 471 758 itaque
482 693 582 759 legibus,
601 694 637 742 sei
649 695 718 744 etiam
729 695 901 745 'tenatioribus
909 695 1096 750 institutionibus
1108 695 1201 744 tornati

14 805 15 810 =
108 781 197 824 veteres
209 773 374 830 Athenienses,
385 775 449 823 omni
461 747 570 823 riltntom
583 787 669 838 genere
679 775 762 826 ceteris
774 778 1056 832 omniburescellrrerunt,
1066 777 1205 824 utdecebst

106 871 157 914 eos,
169 856 209 920 qni
220 855 273 904 Diis
291 855 364 918 geniti
376 855 509 920 cmditiqoe
526 865 612 906 essent.
630 857 705 906 multa
724 857 819 921 quidem
836 867 860 908 et
876 859 989 910 mtrsnttts
1006 865 1087 906 restrss
1098 856 1202 905 civitatis

107 953 178 1001 opera
189 938 212 984 in
222 939 381 986 monumentis
391 938 476 986 nostris
487 938 604 1001 leguntur,
614 940 655 986 seri
668 954 740 985 unum
753 941 915 1003 magnitudine
926 950 950 990 et
961 941 1044 988 virtute
1055 939 1199 1004 precipuum

106 1017 205 1067 iscium.
223 1019 321 1066 traditur
331 1017 395 1066 enirn
411 1026 486 1066 sestrs
496 1017 580 1066 ciritss
596 1019 706 1067 restitisse
723 1020 779 1068 oiim
791 1021 917 1070 innumeris
935 1022 1036 1070 bostium
1049 1019 1133 1085 copiis,
1145 1034 1199 1082 quse

105 1113 132 1148 er
144 1099 267 1148 nrtsnsteo
287 1099 344 1148 mari
356 1099 468 1163 proiecte
486 1115 559 1164 prope
572 1100 623 1163 jam
640 1109 750 1150 cunctam
766 1101 885 1167 Europum
905 1101 1033 1167 Asismqne
1050 1101 1200 1150 obsederant.

105 1189 160 1238 tunc
170 1181 236 1229 enirn
247 1187 299 1228 erst
315 1180 399 1230 fretum
410 1181 469 1228 illud
482 1180 622 1244 navigabile,
633 1181 721 1230 bsbens
733 1182 757 1230 iss
775 1191 849 1232 orest
866 1185 933 1249 qussi
944 1183 1059 1232 resnbuio
1070 1181 1122 1246 ejus
1133 1181 1199 1230 insu·

104 1260 158 1318 lsrss,
166 1276 226 1327 qnss
238 1260 348 1310 Herculis
359 1261 479 1310 colomnss
485 1262 656 1325 cognominatis
666 1280 672 1308 r
684 1263 884 1328 ferturqueinsuls
892 1266 933 1314 ills
942 1265 1019 1330 Libya
1030 1263 1098 1312 simui
1109 1269 1133 1312 et
1141 1261 1199 1310 Aris

105 1341 177 1405 orsjor
186 1342 278 1400 inisse;
294 1357 336 1406 per
346 1357 417 1406 qnsm
428 1343 459 1390 sd
471 1342 528 1391 sliss
549 1343 665 1406 proximas
676 1343 763 1393 insoles
776 1347 871 1409 pstebst
886 1347 974 1410 editus,
985 1353 1056 1410 etque
1072 1361 1101 1394 es
1114 1343 1197 1392 insulis

105 1423 131 1470 sd
143 1439 238 1474 omnem
249 1425 436 1476 continents-mc
454 1431 583 1488 conspecto
597 1423 725 1488 jacentem,
743 1425 800 1490 [ut]
819 1443 872 1476 reso
885 1428 940 1476 mari
958 1428 1066 1476 virinum.
1082 1425 1124 1474 sed
1136 1424 1197 1472 intra

105 1521 129 1554 os
140 1506 219 1570 ipsnns
228 1513 311 1570 portos
321 1513 422 1570 sngusto
434 1506 487 1554 sinn
493 1505 564 1554 luisse
571 1504 676 1556 traditur.
693 1506 790 1571 pelsgns
798 1507 856 1556 illud
866 1523 945 1557 rerum
956 1523 1026 1562 mare.
1034 1516 1093 1556 terra
1099 1519 1195 1571 quoqne

14 1607 15 1646 q
106 1585 144 1634 ills
155 1602 209 1636 sere
226 1593 278 1636 esst
287 1587 424 1637 motinens.
440 1587 466 1636 in
483 1588 527 1636 hoc
543 1586 667 1636 Atlantide
685 1587 761 1636 inmls
777 1588 875 1636 maxims
894 1595 919 1638 et
935 1588 1076 1638 admirabilis
1088 1585 1197 1652 potentis

104 1667 190 1716 soum
200 1683 291 1733 regum,
300 1669 343 1732 qui
355 1669 399 1716 toti
409 1669 491 1716 insule
501 1667 536 1716 illi
545 1653 671 1732 multisque
683 1668 734 1718 sliis
743 1677 768 1718 et
778 1671 884 1718 menime
894 1678 959 1718 terras
970 1669 1114 1720 continentis
1125 1667 1195 1732 psrti,

106 1757 214 1810 pretereo
223 1755 249 1798 et
258 1749 304 1806 his,
313 1765 367 1812 quse
378 1764 450 1814 penes
467 1765 517 1798 non
527 1757 591 1805 sont,
603 1750 798 1798 dominabantur:
817 1751 934 1815 siquidem
945 1753 1019 1800 tertiae
1031 1749 1112 1800 muudi
1123 1748 1193 1814 porti,

105 1843 155 1892 que
174 1829 254 1894 Libys
269 1830 365 1886 dicitnr,
383 1846 458 1894 usquc
479 1831 509 1878 sd
529 1830 662 1896 AEpyptum
682 1831 871 1895 imperaverunt;
887 1832 988 1898 Europes
1007 1847 1061 1881 sero
1077 1847 1151 1896 osque
1162 1829 1194 1879 srl

105 1910 248 1974 Tyrrhenum
261 1927 332 1961 mare.
349 1913 430 1960 bornus
451 1913 485 1960 ris
496 1913 572 1960 omnis
582 1929 629 1962 uns
647 1913 746 1962 collecta
757 1921 867 1970 nostram,
877 1930 892 1960 o
908 1913 991 1974 Solon,
1003 1921 1149 1976 restrsrnque
1159 1927 1194 1960 re·

105 1991 205 2056 pinnen,
217 2001 242 2042 et
251 1994 365 2058 quicquid
376 1994 437 2042 intrs
446 1993 567 2043 columnas
580 1993 690 2044 Herculis
698 1995 869 2051 continebatur,
877 1995 972 2044 invasit.
984 2003 1040 2042 tnnc
1049 1991 1193 2042 restrsaciri-

105 2075 157 2122 tstis
167 2075 239 2124 virtus
256 2075 282 2122 iss
302 2091 383 2124 omnes
399 2084 480 2139 gentes
496 2075 592 2146 enituit.
608 2091 662 2140 quse
681 2091 734 2126 cum
754 2091 834 2124 omnes
850 2076 1041 2140 magnanimitate
1057 2073 1194 2138 bellicisque

106 2155 189 2204 artibus
200 2155 361 2218 antecelleret,
372 2157 455 2218 partim
467 2171 514 2204 ons
524 2172 578 2204 cnm
588 2156 640 2204 aliis
651 2155 751 2210 Grecis,
768 2155 850 2219 psrtim
862 2157 919 2212 sois,
931 2156 1014 2206 ceteris
1025 2155 1194 2212 deserentibus,

104 2243 204 2285 extrem
213 2236 349 2286 discrimina
358 2237 431 2286 subiit
442 2237 567 2300 hostesque
578 2235 730 2298 expugnarit,
741 2237 822 2284 stoicis
832 2245 921 2284 servate
933 2237 969 2284 vel
979 2237 1070 2284 reddita
1078 2235 1194 2284 librrtste.

105 2325 157 2378 post
166 2319 218 2366 brec
228 2317 317 2380 ingenti
329 2325 395 2364 terres
407 2324 471 2364 motu
480 2316 581 2379 jugique
597 2315 645 2362 diei
662 2315 731 2362 unius
747 2323 772 2364 et
788 2317 864 2364 noctis
875 2315 988 2365 illusione
1007 2317 1094 2365 lectum
1106 2323 1150 2375 est,
1166 2323 1194 2364 ut

102 2405 163 2446 terra
174 2397 299 2446 dehiscens
307 2406 394 2446 vestros
405 2397 459 2446 illes
470 2411 517 2444 una
535 2411 616 2444 omnes
633 2395 758 2444 bellicosos
776 2397 883 2445 lromines
893 2397 1035 2454 absorberet,
1045 2405 1070 2446 et
1089 2395 1195 2446 Atlantis

101 2479 237 2526 insolssub
248 2486 312 2526 rosto
322 2479 411 2542 pirgite
430 2486 578 2541 mergeretur.
595 2491 664 2540 quam
683 2477 714 2524 ob
730 2491 823 2526 canssm
841 2478 999 2542 innartgsbtte
1018 2477 1116 2543 pelagus
1134 2477 1194 2526 illud

102 2566 203 2624 propter
213 2560 325 2624 sbsorptss
335 2559 417 2608 insulse
428 2559 509 2607 limum
521 2558 626 2608 relietum
637 2558 692 2608 tuis.
725 2557 793 2614 Herc,
801 2575 816 2608 o
825 2559 942 2618 Socrates,
950 2575 1039 2616 eornm,
1047 2575 1100 2623 ans
1108 2557 1194 2610 curin

100 2641 179 2706 major
188 2655 202 2688 s
212 2639 299 2690 Solone
315 2649 413 2704 accepts
430 2641 546 2696 nurmbst,
557 2655 646 2688 summa
657 2647 702 2688 est.
719 2641 760 2688 sed
777 2641 833 2690 dum
847 2641 963 2704 preterito
974 2641 1014 2689 die
1023 2641 1054 2689 de
1065 2657 1089 2689 re
1099 2640 1196 2705 publice

101 2723 239 2787 civibusque
248 2721 296 2770 suis
308 2721 441 2780 dissereres,
453 2721 526 2770 subiit
536 2721 594 2769 mibi
605 2721 712 2785 quedem
725 2739 753 2770 cs
765 2721 926 2772 recordstiooc
937 2723 1070 2779 admirstio,
1079 2721 1194 2786 cogitanti

103 2803 212 2854 uidelicet
221 2803 304 2852 dirius
314 2803 416 2867 quadem
427 2809 489 2852 sorte
498 2803 587 2852 isctum
597 2819 657 2858 esse,
667 2811 694 2850 ut
705 2791 823 2852 siruiilims
832 2805 939 2868 quodam
952 2804 1015 2852 haud
1027 2803 1056 2850 sb
1068 2819 1092 2851 rs
1101 2801 1195 2851 Solonis

102 2886 204 2934 historie
215 2887 327 2934 trsderes.
344 2886 375 2933 ob
385 2901 437 2934 enm
449 2899 503 2933 vero
512 2899 606 2934 osumm
617 2885 674 2932 nibil
684 2893 741 2934 tunc
750 2885 846 2948 protuli,
859 2885 915 2950 [tu]
927 2885 1039 2949 quonism
1048 2901 1075 2933 es
1083 2885 1194 2934 dicturos

99 2966 246 3031 negligentis
254 2983 304 3016 noo
315 2967 371 3016 sstia
389 2967 559 3015 reminiscebar.
577 2967 649 3014 sotius
661 2966 731 3030 igitur
749 2967 800 3030 ipse
811 2968 902 3023 censui,
913 2975 948 3022 ot,
966 2966 1099 3031 priusquam
1109 2965 1193 3014 selene

100 3048 167 3096 robis
179 3048 316 3113 inciperem,
335 3063 427 3097 mecum
444 3048 496 3113 ipse
515 3057 653 3112 repeterem.
670 3049 725 3098 ideo
741 3063 796 3096 sero
812 3049 890 3096 statim
906 3049 1005 3111 imperio
1023 3055 1064 3098 too
1075 3045 1193 3104 consensi,

98 3127 153 3192 qnis
163 3129 322 3186 confidebam,
333 3139 359 3178 nt
370 3130 395 3178 in
406 3129 474 3178 rebus
483 3128 617 3192 hujusmodi
630 3131 728 3178 manime
738 3131 816 3189 decet,
828 3129 918 3192 aliquid
930 3145 977 3184 me,
989 3129 1053 3193 qnod
1065 3129 1192 3193 propositos

96 3211 129 3258 rei
138 3219 295 3274 congrueret,
306 3219 457 3274 repertorum.
474 3211 506 3260 lta
517 3212 575 3274 heri,
589 3219 614 3258 ut
624 3211 667 3258 istc
683 3209 726 3264 sit,
744 3219 798 3273 post
807 3210 932 3258 discessum
951 3209 1056 3272 protinus
1067 3209 1112 3265 bis,
1123 3215 1194 3272 prout

96 3299 157 3339 tunc
169 3292 320 3348 recordaber,
329 3293 442 3341 recensui.
460 3292 604 3340 snocturnia
614 3292 700 3340 deinde
712 3291 796 3354 sigiliis
806 3305 876 3355 presse
888 3291 965 3338 omnia
977 3289 1120 3352 recupersri.
1137 3303 1192 3352 pro-

92 3372 177 3434 iecto,
188 3385 243 3434 quse
254 3371 279 3418 in
291 3372 386 3434 pueritia
400 3373 522 3430 discimus,
540 3373 629 3421 diutior
645 3371 789 3434 firmiusque,
800 3379 827 3418 ut
846 3371 926 3426 iertur,
937 3372 1070 3418 meminisse
1082 3369 1192 3418 solemus.

93 3461 172 3518 stqsre
185 3453 252 3500 baud
263 3452 320 3512 scio,
336 3468 365 3502 sn
375 3469 428 3518 qnte
440 3455 490 3504 heri
510 3454 598 3510 audiri,
609 3454 693 3502 reterre
711 3467 774 3501 nunc
786 3453 864 3500 omnia
877 3452 1007 3500 memoriter
1018 3449 1121 3515 possim:
1139 3465 1193 3515 qne

92 3549 148 3582 rero
169 3549 234 3598 puer
249 3535 339 3598 sccepi,
359 3535 458 3584 mirabor
476 3535 596 3598 equidem,
613 3535 631 3582 si
649 3535 706 3598 quid
718 3550 796 3584 eorum
814 3533 948 3583 ememoris
959 3532 1015 3581 mihi
1026 3531 1147 3581 exciderit.
1164 3547 1194 3580 ea

93 3615 188 3679 qnippe
199 3631 256 3665 cum
269 3615 389 3680 solopcste
398 3623 423 3664 et
431 3615 489 3680 joco
505 3603 638 3672 audiebam,
650 3631 703 3664 cum
720 3623 745 3664 et
756 3631 826 3664 senex
844 3616 882 3664 ille
894 3615 992 3663 libenter
1003 3629 1039 3662 me
1049 3614 1153 3666 doceret.
1170 3621 1196 3662 et

93 3713 138 3760 rgo
148 3697 181 3746 sb
193 3697 237 3746 illo
248 3697 332 3746 scdulo
341 3697 479 3748 sciscitarer.
495 3706 637 3762 quapropter
647 3697 713 3762 qussi
724 3700 831 3762 quedam
845 3699 960 3746 literarum
971 3691 1195 3743 inosteindelebili·

92 3785 130 3824 ter
142 3785 208 3826 notre
219 3794 251 3828 ee
261 3779 317 3826 milri
329 3779 408 3828 omnis
425 3779 497 3828 infixa
514 3780 630 3828 memorius
649 3787 833 3843 permenserunt.
850 3786 921 3842 atque
941 3778 976 3825 iris
987 3777 1057 3826 etism
1069 3783 1124 3824 snte
1140 3775 1195 3823 solis

90 3867 168 3908 onom
182 3859 239 3923 ipsa
249 3861 350 3916 nsrrsri,
363 3867 389 3908 ot
400 3875 447 3908 uns
459 3875 549 3910 mecum
560 3869 638 3909 essent
649 3860 679 3909 sd
690 3862 750 3910 banc
761 3861 889 3908 orationem
902 3857 1037 3922 paratiores.
1069 3855 1157 3905 Verum
1168 3863 1196 3905 nt

14 3963 15 4004 r
89 3941 118 3988 sd
129 3941 166 3996 iel,
177 3955 232 4004 qsso
244 3941 297 3990 bec
308 3943 387 3990 omnis
399 3949 516 4006 spectsnt,
534 3957 571 3990 mc
589 3943 717 3998 coniersnr,
731 3949 823 4004 paratus
834 3955 894 3996 sum,
905 3955 920 3987 o
930 3939 1046 3995 Socrates,
1057 3953 1106 3986 non
1122 3937 1193 3987 ruodo

89 4022 242 4076 summstim,
254 4022 296 4069 sed
317 4022 445 4086 sigillatim,
457 4023 519 4074 sirm
529 4023 618 4079 audiri,
629 4023 708 4072 omnis
722 4037 839 4070 euertere.
855 4021 975 4070 civitstem
989 4021 1069 4085 otique
1080 4027 1106 4068 et
1121 4021 1196 4084 cives,

86 4117 147 4165 qnos
156 4102 235 4167 qussi
248 4117 292 4165 per
308 4102 412 4154 tabulam
429 4105 538 4154 hesterno
555 4105 716 4169 disputetione
734 4105 829 4160 finxisti,
842 4119 888 4151 rem
907 4117 984 4151 veram
1005 4115 1055 4150 esse
1071 4117 1196 4166 ponemus.

86 4183 213 4234 cirinum
225 4181 328 4246 quidem
337 4184 401 4234 illsns
422 4185 593 4236 Atheniensem
610 4187 671 4235 banc
688 4185 766 4234 urbem
784 4201 853 4245 esse3
869 4185 933 4234 cives
948 4200 1051 4250 quoqne.
1067 4201 1126 4248 quos
1143 4185 1194 4248 ipse

84 4266 260 4330 escogitslrss,
276 4273 368 4316 nostros
379 4266 433 4316 illos
443 4267 553 4332 majores,
563 4285 578 4318 s
593 4269 714 4318 sacerdote
725 4275 838 4325 narrstos,
856 4267 927 4316 inisse
938 4267 1092 4316 censebimus.
1108 4283 1195 4332 nempe

86 4348 187 4396 ossnisso
201 4350 264 4396 bne
271 4357 407 4411 congruent
416 4367 423 4408 ς
439 4365 517 4414 neque
528 4351 558 4399 sb
569 4367 594 4400 rs
604 4351 682 4408 tuerit,
694 4351 713 4398 si
730 4351 793 4399 cissa
803 4359 856 4398 tuos
872 4365 952 4398 revers
964 4349 1052 4414 priscos
1062 4349 1115 4397 ilios
1125 4349 1196 4396 exsti·

85 4427 140 4477 tlsse
158 4426 312 4478 dixerimus.
328 4443 404 4494 quere
422 4431 577 4482 communiter
593 4447 642 4480 rem
662 4433 735 4496 ipsam
757 4431 819 4480 inter
838 4447 881 4480 nos
904 4432 1040 4494 partientes,
1061 4429 1196 4478 conabimur

83 4525 168 4560 omnes
180 4509 285 4559 muneri
298 4509 339 4558 sbs
351 4517 376 4558 te
391 4511 459 4562 nobis
468 4511 579 4577 imposito
595 4530 638 4578 pro
653 4514 740 4562 viribus
756 4514 897 4563 satisfecere.
914 4513 954 4560 sed
975 4512 1064 4567 vide,o
1081 4509 1195 4562 Socrates,

14 4641 15 4662 ,
84 4589 200 4655 sonqnid
222 4605 361 4638 aernronem
382 4592 445 4642 bunc
464 4595 597 4656 pmbemus,
609 4611 639 4642 sn
660 4595 730 4645 silom
751 4597 876 4659 erigamus.
910 4593 950 4641 So.
968 4593 1003 4640 At
1019 4591 1079 4640 enim
1091 4605 1169 4652 quem,
1182 4603 1196 4640 ο

146 4675 227 4724 Pras.
244 4671 290 4720 Tr.
321 4711 331 4722 .
676 4677 711 4726 11.
1078 4676 1093 4721 ‘t
1112 4670 1135 4719 li
