3160 5314
325 525 383 590 tor
779 519 978 584 Punrouts

321 687 451 746 ιιιφιιιιιι,
462 677 534 744 place
551 673 777 743 partpiceremunri
795 675 841 724 tale
852 675 965 740 quiddam
983 675 1063 726 animo
1074 677 1231 742 fingemmurr
1249 681 1375 748 riutriqua
1392 684 1422 732 ιι.

321 761 424 812 mutium
439 760 580 825 largiremur,
592 757 750 824 quodcunque
761 755 852 822 liberet,
863 757 959 822 agendi,
970 766 995 807 et
1001 757 1068 822 jnato
1078 759 1165 824 puriter
1175 769 1201 810 et
1210 761 1298 827 injusto
1308 779 1317 826 ς
1332 765 1422 814 deinde

321 859 385 908 pone
402 857 558 908 aequeremur¹
575 840 725 904 explorantes
741 853 789 904 quo
806 838 882 902 rapiet
900 845 1023 904 utrumque
1041 841 1125 890 libido.
1141 841 1297 892 inveniremus
1313 843 1420 909 proiecto

317 925 408 989 jnrtum
426 924 480 989 plur
491 921 593 972 lrab'endi
605 919 717 969 ariditate
736 919 883 984 compulaum
894 921 924 968 ad
943 921 1025 969 eadem
1037 936 1071 981 ae,
1089 930 1160 988 atque
1170 921 1292 988 injuctum,
1304 926 1419 974 conferre.
1468 963 1472 972 ,

320 1007 365 1054 boc
376 1005 490 1070 siquidem
507 1010 589 1051 natura
600 1001 684 1058 omnia,
695 1007 722 1048 ιιι
733 999 833 1062 bouum,
843 1001 949 1064 expetitu
971 1002 1023 1066 lege
1034 1010 1112 1052 autem
1123 1019 1152 1054 ac
1170 1005 1192 1052 ri
1213 1005 1242 1054 ad
1259 1005 1418 1072 equalitatem

320 1086 456 1134 servandam
468 1084 568 1132 ducitur.
603 1081 652 1130 Erit
664 1089 742 1130 curtem
754 1082 849 1130 licentia
858 1082 912 1146 iata,
922 1098 993 1146 quam
1004 1085 1067 1140 dico.
1076 1085 1139 1144 talia,
1149 1085 1200 1135 irtir
1210 1087 1228 1134 ri
1239 1087 1316 1148 detur,
1324 1086 1419 1150 qualern

319 1165 448 1229 aliqnando
458 1164 536 1213 ierunt
547 1163 619 1212 iuiaae
637 1163 704 1228 Gygi
715 1161 779 1227 Lydi
796 1164 947 1227 progenitori.
965 1165 1036 1214 fuitne
1047 1166 1109 1236 enim
1120 1166 1199 1231 iprum
1209 1167 1287 1215 ierunt
1299 1181 1419 1216 mercena·

317 1249 378 1296 rium
391 1253 506 1310 putenm
517 1243 579 1308 ejur,
589 1244 632 1308 qui
647 1251 705 1292 tunc
724 1243 801 1310 Lydia
820 1243 959 1308 imperabat.
975 1259 1061 1310 magna
1071 1255 1149 1296 autem
1159 1245 1266 1294 imbrium
1279 1254 1418 1310 tempeatete
1439 1294 1443 1302 ,

318 1335 398 1377 erorta
409 1333 519 1390 motaque
530 1333 590 1374 terra
606 1326 684 1374 terunt
702 1333 784 1372 terram
796 1325 884 1374 hiatum
903 1325 986 1375 t'eciare
998 1325 1025 1374 iu
1041 1342 1071 1374 ea
1091 1327 1195 1391 regione,
1206 1327 1245 1374 ubi
1258 1327 1297 1376 ille
1312 1335 1417 1376 armenta

318 1409 438 1472 parcebat.
455 1424 509 1472 qum
521 1423 574 1458 cum
586 1406 693 1463 vidisset,
705 1405 857 1454 mirabundus
867 1404 891 1452 in
902 1405 991 1456 hiatum
1003 1407 1135 1463 descendit.
1145 1407 1313 1471 comperitque
1324 1416 1350 1455 et
1360 1407 1418 1471 alia,

318 1503 371 1552 quar
381 1488 524 1544 fabulantur,
535 1487 648 1543 miranda,
659 1495 686 1535 et
693 1501 779 1550 equum
791 1501 883 1534 eccum
895 1503 1024 1536 concavum
1034 1505 1042 1548 3
1058 1496 1082 1536 et
1093 1503 1136 1552 per
1146 1488 1268 1536 ieneatram
1279 1488 1380 1537 cadaver
1390 1489 1417 1538 ln

319 1569 372 1616 aluo
390 1565 447 1632 iqui
466 1567 638 1624 animadvertit,
656 1566 732 1630 major
750 1567 845 1631 quidem
864 1570 966 1616 humana
986 1569 1069 1638 forma.
1086 1570 1131 1618 boc
1151 1569 1210 1618 nibil
1229 1570 1330 1617 babebat
1350 1569 1416 1618 aliud

319 1655 403 1712 preter
421 1663 515 1696 aureum
533 1646 608 1710 digito
626 1647 739 1698 anulum:
757 1663 807 1711 quo
826 1649 919 1697 sublato
939 1650 1004 1698 abiit.
1021 1666 1048 1700 ac
1068 1649 1139 1714 paulo
1159 1657 1213 1713 port
1229 1649 1259 1697 ed
1276 1650 1416 1714 pectoralem

318 1727 426 1792 pervenit
435 1735 586 1786 conventum,
596 1727 619 1774 in
629 1741 684 1790 quo
701 1726 791 1790 legatur
802 1728 833 1775 de
844 1729 913 1776 rebua
924 1729 1012 1793 peculii
1024 1730 1053 1778 ad
1071 1745 1148 1794 regem
1159 1745 1202 1794 per
1210 1729 1315 1790 cingulo·
1326 1745 1418 1778 menter

318 1808 445 1856 referendi·
455 1807 569 1856 creandur
579 1815 645 1854 erat:
661 1805 777 1870 juxtaque
793 1808 851 1854 alior
862 1809 956 1858 aroedit.
973 1810 1116 1873 acciditque,
1129 1817 1155 1857 ιιι
1165 1825 1219 1858 cum
1231 1811 1290 1858 lorte
1301 1825 1416 1872 ςιπιιιιιιιι

319 1887 445 1936 intromum·
453 1888 482 1934 ad
496 1901 588 1934 manum
599 1894 699 1936 verteret
709 1885 774 1934 anuli
786 1902 855 1950 quern
867 1904 882 1936 a
892 1889 1006 1938 cadavere
1022 1890 1159 1953 arripuerat,
1170 1890 1247 1938 cubito
1258 1905 1272 1938 a
1282 1890 1348 1938 nollo
1359 1907 1417 1940 cnu-

320 1969 448 2032 apiceretur
457 1967 544 2031 aliique
554 1968 584 2016 da
595 1967 636 2015 illo
653 1974 764 2032 tanquam
776 1969 873 2018 abrente
882 1969 1040 2034 loquerentur.
1059 1969 1132 2035 [too]
1151 1970 1276 2018 admiretur
1286 1985 1341 2034 ergo
1353 1987 1417 2036 geru·

319 2064 379 2098 mam
391 2064 467 2097 rumor
478 2055 604 2096 extromum
614 2047 738 2104 conuertit,
750 2061 798 2111 quo
809 2047 872 2098 sacto
884 2063 960 2098 rumne
971 2049 1089 2114 apparuit.
1107 2051 1152 2099 boc
1163 2051 1204 2098 ille
1219 2051 1416 2116 animadvertent,

318 2129 456 2194 diligentior
465 2128 593 2192 periculum
601 2127 668 2190 tecit,
676 2136 752 2176 utrum
764 2129 824 2176 itanc
835 2130 919 2178 anulus
926 2131 971 2178 rim
980 2131 1075 2179 baberet
1086 2147 1092 2178 ι
1104 2138 1175 2194 atque
1182 2131 1214 2178 ita
1224 2130 1259 2179 illi
1269 2139 1413 2194 compertum

319 2211 373 2274 tuit,
382 2209 446 2274 quod
465 2224 530 2257 eeraa
541 2209 570 2256 ad
588 2225 613 2256 ae
624 2224 715 2272 gemma
727 2225 740 2256 a
752 2209 845 2258 nomine
857 2211 981 2267 rideretur,
989 2225 1054 2260 verra
1063 2218 1142 2258 autem
1158 2211 1189 2258 ad
1204 2211 1262 2259 ebor
1273 2212 1416 2275 couapicuua

320 2291 394 2340 lieret.
410 2291 474 2354 quod
486 2289 581 2353 quidem
592 2291 805 2352 expertur.curarit
813 2299 840 2340 ut
851 2291 941 2356 legatur
952 2293 982 2340 ad
993 2307 1070 2355 regem
1079 2307 1126 2339 una
1137 2307 1190 2340 com
1201 2290 1253 2340 aliia
1264 2291 1395 2342 mitteretur
1409 2310 1416 2342 ι

320 2372 486 2435 proiectusque
498 2385 592 2418 uxorem
603 2369 655 2432 ejua
666 2372 780 2434 rtuprarit
790 2373 855 2422 etde
865 2389 920 2436 rege
931 2371 1091 2421 interficiendo
1103 2387 1155 2420 cum
1170 2387 1199 2420 ee
1209 2371 1332 2420 courilium
1343 2372 1416 2435 iniit3

320 2467 368 2516 quo
379 2467 440 2500 cero
457 2465 553 2513 regnum
574 2450 707 2513 maumpait.
739 2451 766 2499 si
776 2452 847 2515 igitur
857 2455 905 2501 dun
920 2454 979 2502 talen
997 2452 1061 2501 anuli
1077 2459 1164 2508 errent.
1175 2452 1320 2516 alterumque
1327 2453 1416 2516 jurtua,

320 2531 421 2596 iniuntur
431 2531 528 2578 alterum
548 2531 677 2594 poraideret
694 2547 722 2580 ac
739 2531 825 2580 ferret:
843 2533 922 2581 nullur
938 2534 1045 2596 proiecto
1056 2539 1126 2594 emet,
1138 2541 1166 2581 ut
1176 2532 1277 2597 ridetur,
1288 2534 1348 2582 adeo
1359 2536 1416 2582 ada·

320 2611 449 2670 mantione,
459 2621 486 2659 ut
502 2611 528 2659 in
547 2611 598 2675 ipra
610 2611 704 2676 justitia
715 2621 860 2677 permaneret
870 2621 893 2663 et
905 2614 935 2663 nb
945 2614 1029 2663 alienis
1040 2614 1157 2662 abstinere
1173 2612 1254 2670 uellet,
1272 2627 1325 2661 cum
1336 2613 1418 2663 liceret

273 2687 280 2704 ⁸
318 2693 353 2743 ilii
363 2705 393 2740 ex
405 2692 455 2740 loro
463 2691 590 2755 intrepide,
599 2693 757 2757 quodcunque
767 2693 848 2751 vellet,
857 2693 1112 2758 arripere,ingredique
1121 2693 1209 2742 alienae
1220 2693 1310 2751 domoc,
1318 2701 1342 2742 ot
1350 2693 1416 2742 clau-

319 2773 398 2822 culum
418 2787 460 2835 pro
481 2771 580 2821 libidine
598 2773 684 2836 cuique
704 2775 825 2838 congredi,
843 2783 867 2824 et
884 2790 926 2839 pro
944 2775 1039 2822 arbitrio
1057 2773 1188 2838 quemlibet
1203 2773 1342 2830 interlicere,
1353 2781 1416 2823 etex

318 2867 410 2902 carcere
421 2850 519 2907 uolnere,
530 2859 556 2899 et
572 2850 628 2914 alia,
639 2854 705 2916 quari
724 2869 765 2917 par
781 2855 827 2903 dec
846 2855 884 2910 ait.
896 2853 957 2902 iuter
973 2854 1080 2902 hominen
1091 2869 1134 2918 pro
1152 2853 1246 2902 arbitrio
1263 2854 1347 2902 iacere.
1364 2854 1415 2902 bec

318 2932 390 2996 igitur
400 2947 454 2979 cum
464 2938 562 2995 uterque
572 2932 667 2990 iaceret,
678 2949 825 3000 nequaquam
837 2935 896 2984 alter
905 2936 935 2984 ab
946 2936 1019 2984 altero
1030 2936 1055 2984 io
1066 2937 1159 2999 agendo
1171 2935 1283 2996 differret,
1294 2936 1335 2982 aed
1346 2935 1415 2982 ambo

318 3013 403 3062 eodem
413 3013 546 3061 tenderent.
578 3013 744 3078 Quequidenr
763 3017 863 3066 maxima
880 3018 944 3080 apud
962 3029 1044 3065 omnea
1061 3031 1112 3064 erre
1130 3013 1362 3078 murtconjeenm.
1375 3029 1416 3063 ne·

319 3093 405 3143 minem
422 3092 549 3156 volentem,
560 3093 632 3142 immo
651 3095 748 3143 inritum
767 3111 820 3145 crae
835 3095 944 3160 juatum3
961 3096 1029 3160 quasi
1046 3096 1072 3144 id
1091 3095 1218 3142 recundum
1229 3107 1255 3140 ae
1270 3100 1296 3140 et
1306 3091 1416 3156 privatim

319 3174 410 3223 nocuit
427 3174 531 3233 bonum3
547 3174 659 3237 quoniam
676 3177 812 3241 ubicunque
822 3175 911 3240 injuste
923 3193 991 3241 agere
1008 3177 1108 3242 quicque
1126 3190 1151 3222 re
1168 3189 1237 3238 purae
1247 3172 1354 3230 confidit.
1366 3174 1417 3236 ⁸852

318 3255 432 3318 pmtinun.
449 3255 558 3318 prodesse
568 3255 630 3304 enim
642 3255 742 3320 quiaque
759 3257 865 3322 privatim
884 3257 958 3305 multo
975 3258 1049 3320 megia
1066 3254 1183 3305 existimat
1194 3253 1331 3317 injustitiam
1343 3267 1415 3316 quam

315 3335 449 3400 juatitiam:
467 3343 577 3399 recteque
595 3335 675 3392 tentit.
685 3338 791 3401 quiaquia
801 3337 834 3386 ite
843 3337 947 3401 judicat,
960 3346 987 3386 ut
996 3337 1108 3386 aermonir
1119 3335 1190 3400 hujua
1202 3333 1325 3398 perhibent
1333 3341 1417 3380 aucto·

316 3432 361 3465 rea·
393 3415 466 3473 Quod
477 3415 496 3464 ri
507 3416 560 3480 quia
576 3416 709 3480 hujusmodi
720 3418 854 3467 facultatem
867 3427 950 3468 nectua
961 3417 1017 3466 velit
1035 3419 1066 3466 ab
1086 3415 1201 3480 injustitia
1211 3413 1327 3463 abstinere
1338 3427 1417 3476 oeque

316 3496 392 3544 aliena
404 3503 494 3560 tangat,
505 3496 678 3546 infelicimimua
689 3497 793 3546 omnium
805 3507 829 3547 et
840 3499 1005 3548 atolidiasimua
1016 3497 1080 3561 apud
1091 3513 1140 3552 eor,
1152 3495 1191 3560 qui
1203 3496 1249 3542 boc
1260 3493 1417 3548 adverterent,

319 3584 454 3639 uerteretur:
480 3575 602 3626 laudarent
622 3583 700 3625 umen
720 3576 786 3626 illum
805 3579 893 3642 palam,
906 3577 1006 3627 uiciraim
1025 3592 1051 3625 ae
1069 3577 1225 3639 decipientur,
1242 3573 1299 3638 quie
1317 3573 1417 3621 mnxime

317 3658 409 3713 timent,
428 3671 458 3704 ue
476 3657 607 3706 afficiantur
624 3657 726 3720 injuria..
751 3657 833 3721 Atque
852 3661 902 3708 brec
924 3659 1020 3722 quidem
1040 3658 1075 3706 ita
1092 3657 1139 3705 rint
1159 3656 1230 3704 dicta.
1263 3654 1343 3702 Vitam
1361 3669 1417 3701 uero

319 3737 445 3800 utriunque,
453 3737 513 3800 jurti
530 3737 643 3786 videlicet
658 3746 683 3786 et
699 3736 791 3800 injusti,
801 3739 835 3786 ita
852 3740 921 3802 plane
938 3737 1131 3802 dijudicabimur,
1142 3735 1161 3784 ai
1174 3734 1330 3798 justissimum
1341 3731 1416 3780 virum

317 3831 417 3864 aeorrtnn
438 3824 462 3864 et
479 3816 658 3880 injuatiarimum
675 3817 866 3881 distinguemus:
882 3819 949 3867 aliter
966 3835 1021 3866 erro
1038 3803 1195 3880 nequaquam.
1228 3815 1265 3862 Sit
1275 3821 1352 3862 nutem
1363 3814 1415 3860 banc

316 3895 426 3943 discretio
438 3895 498 3952 talia,
509 3904 536 3944 ut
555 3897 614 3946 nibil
635 3897 766 3946 auferamur
784 3897 906 3961 injustitie
924 3899 954 3946 ab
964 3898 1064 3962 injusto,
1076 3912 1153 3959 neque
1172 3894 1298 3958 quicquum
1309 3894 1339 3941 ab
1346 3891 1416 3956 justo

311 3974 427 4039 juatitie:
445 3977 486 4024 acd
499 3978 626 4041 perfectum
643 3988 767 4044 utrumque
785 3981 809 4028 in
821 3997 863 4028 auo
873 3980 953 4030 etudio
965 3995 1086 4044 ponamus.
1104 3979 1203 4042 primum
1220 3977 1291 4040 igitur
1303 3975 1415 4039 injuatua,

315 4061 426 4118 tanquam
447 4057 528 4119 optimi
551 4060 659 4117 artifices,
680 4062 769 4110 laniat:
797 4061 907 4112 videlicet
927 4063 1125 4126 quemadmodum
1147 4060 1288 4123 gubernantur
1308 4071 1413 4106 ιιιιιιιιιιιι

313 4134 351 4184 ιιι
366 4134 481 4196 medient,
497 4153 550 4200 qum
561 4137 586 4187 in
602 4147 651 4188 arte
668 4157 711 4188 rua
725 4143 810 4192 confici
828 4151 926 4206 ροιιιιιιι
944 4151 969 4204 et
986 4157 1039 4205 qum
1058 4157 1106 4188 non
1125 4146 1232 4204 potsunt,
1243 4137 1323 4192 aentit,
1335 4144 1359 4184 et
1370 4135 1415 4184 ilia

313 4213 409 4278 quidem
427 4217 568 4280 aggreditur,
586 4219 632 4268 irta
649 4222 777 4286 relinquite
797 4223 870 4289 [aot]
892 4231 917 4272 et
936 4223 955 4270 ai
983 4238 1030 4286 qua
1051 4229 1163 4286 preterea
1180 4220 1207 4268 in
1226 4233 1250 4268 re
1272 4218 1414 4281 peccaverit,

314 4295 428 4360 corrigere
439 4303 518 4360 potent
528 4315 534 4344 ι
551 4298 585 4346 ita
602 4307 625 4346 er
641 4300 751 4364 injuatcr.
761 4313 825 4354 recte
840 4303 937 4367 injuriae
948 4302 1094 4367 aggrediens.
1106 4301 1187 4362 lateat,
1197 4299 1218 4348 ai
1229 4299 1327 4346 maxime
1338 4297 1430 4360 injur--

314 4368 452 4424 un'tuturua
462 4384 515 4438 eat;
531 4379 567 4426 rin
579 4388 657 4427 eutem
667 4383 826 4445 deprehensus
838 4385 916 4440 ruerit,
928 4383 989 4432 iuera
1000 4383 1169 4432 existimandus
1179 4388 1224 4429 eat.
1234 4387 1336 4428 extrema
1348 4378 1414 4426 enim

312 4456 428 4521 injutlll'tt
439 4465 484 4514 ²⁸¹,
492 4457 585 4522 justum
605 4459 677 4508 videri
694 4477 756 4519 eum,
768 4465 809 4527 qui
827 4480 875 4512 noo
891 4464 922 4512 ait
930 4462 1017 4526 jurtua.
1034 4463 1114 4510 danda
1124 4469 1161 4510 eat
1172 4462 1243 4525 igitur
1260 4459 1417 4522 injurtiaoimo

308 4546 414 4600 ,eruemur
423 4537 548 4602 injustitia,
559 4555 635 4605 neque
647 4542 788 4596 auferenda:
807 4548 847 4595 aed
860 4544 1042 4610 permittendum
1057 4555 1084 4592 ut
1095 4544 1123 4601 iu,
1135 4544 1176 4608 qul
1188 4541 1276 4605 injuate
1287 4537 1360 4592 multu
1369 4555 1420 4606 pa·
