3102 5312
113 490 190 612 stet
437 533 492 592 nn
514 529 684 592 euersos
708 529 781 592 tre.
804 531 872 592 vrr.
1143 517 1203 597 tre

113 687 144 738 sd
161 688 253 736 turbem
268 683 331 736 urbis
346 696 449 743 etonem,
460 685 491 735 de
502 684 592 736 eisdem
602 685 671 736 rebus
682 699 730 735 nou
741 685 825 736 eedem
836 701 888 751 quse
898 683 1002 743 nosset!
1014 687 1128 738 eontrsris
1137 701 1205 756 seps*

112 767 292 818 eonciouenrini.
308 767 463 816 insonitum
483 767 546 816 enim
569 777 595 816 et
614 783 659 817 uos
677 769 773 817 omniuo
792 779 817 817 et
834 768 917 816 ciritss
935 769 1019 825 omnis,
1034 767 1064 825 si.
1075 777 1201 835 antequem

110 849 260 912 srsgistretus
275 847 439 913 viderintque
448 849 620 912 composuistis,
630 857 655 898 st
665 847 767 898 dicende
776 849 808 898 sd
818 849 930 914 populum
938 849 1106 913 judicaverint,
1117 853 1203 902 edrnit-

110 930 309 978 terminium
326 931 406 994 igitur,
426 930 498 978 oriri
516 929 624 978 moiiium
643 929 765 978 Menstruus
783 929 880 986 domn,
889 929 946 979 istos
957 939 1201 983 centusrrstroscum

109 1012 196 1059 metris
216 1011 279 1075 spud
299 1009 417 1076 principes
436 1009 639 1076 oompmnbimns:
656 1019 689 1067 et,
710 1011 730 1059 si
750 1027 803 1077 qure
822 1011 940 1068 dicuntur,
959 1009 1044 1060 eedem
1055 1013 1203 1066 untmeliore

107 1089 197 1140 naun
212 1102 264 1141 esee
281 1091 430 1149 ridebuntur,
447 1093 542 1140 chorum
562 1091 756 1140 vobisdttbirnus.
772 1091 807 1140 ein
818 1093 957 1148 semiliter,
969 1109 983 1139 o
994 1093 1072 1147 errici.
1082 1089 1200 1159 nunqusrs

107 1173 166 1222 dttre
178 1174 312 1238 poterimus.
330 1175 382 1222 brec
390 1173 424 1220 its
432 1173 463 1220 de
472 1173 536 1221 omni
547 1174 632 1221 cbores
640 1174 737 1238 ejusque
747 1171 854 1221 doctrine
865 1171 954 1236 iegibus
965 1181 990 1221 et
1000 1173 1104 1222 moribus
1114 1175 1202 1224 consti·

105 1261 161 1301 ests
181 1255 288 1303 siniret
307 1267 426 1302 eerromm
447 1253 545 1317 quidem
563 1267 667 1302 secem
684 1255 860 1302 edominoruru
877 1254 967 1310 officiis,
986 1255 1004 1302 si
1026 1251 1198 1320 vobisquuque

105 1332 208 1383 ridetur.
240 1333 298 1384 Cur.
315 1333 419 1382 Videtur
434 1343 507 1383 certe.
540 1333 645 1382 Arses.
661 1333 708 1382 sed
725 1333 804 1383 liberis
820 1341 867 1382 tres
883 1335 959 1383 edbuc
975 1339 1066 1384 restent
1079 1335 1200 1386 doetrim
1253 1327 1255 1334 ’

103 1429 156 1462 utre
170 1416 315 1478 computetis
329 1417 494 1463 numerorum:
513 1415 587 1463 siters
596 1414 759 1478 longitudinis,
771 1414 901 1464 latitudinis
912 1415 1122 1480 profunditatisque
1132 1431 1201 1465 rnen·

103 1509 179 1544 strnr
202 1495 274 1544 tertis
294 1496 405 1544 circtdtns
426 1503 540 1544 estrorum
561 1495 653 1545 uetitis.
681 1495 755 1562 [818]
781 1510 833 1561 que
855 1497 934 1544 omnis
955 1511 1003 1544 non
1025 1509 1109 1546 exscte
1130 1499 1202 1548 molti

102 1573 250 1640 pendissent,
270 1575 314 1624 sed
329 1576 408 1640 penei,
426 1591 485 1640 quos
505 1579 534 1624 sd
555 1577 625 1625 finem
646 1579 761 1640 progressi
783 1577 972 1641 signiticebimur,
992 1577 1026 1626 ric
1041 1579 1103 1626 enirn
1121 1579 1200 1629 decet.

102 1655 252 1706 multitudini
264 1671 318 1705 sero
328 1671 381 1721 quse
390 1657 524 1706 necessarie
534 1665 590 1705 sunt
598 1657 774 1722 rectissimeque
786 1659 903 1713 dicuntur,
914 1665 983 1722 turpe.
994 1667 1029 1706 est
1040 1659 1139 1709 nescire.
1156 1657 1199 1708 sed

101 1736 221 1801 exquisite
238 1747 325 1786 cuncte
338 1738 480 1802 perquirere,
496 1753 542 1786 nec
558 1737 628 1787 isciie
645 1745 742 1787 estnec
758 1740 854 1788 omnino
869 1739 988 1802 possibile.
1008 1741 1072 1806 quod
1092 1755 1120 1788 es
1142 1741 1201 1806 ipsis

101 1819 263 1866 merium
279 1825 326 1882 est,
344 1819 411 1884 rejici
431 1833 479 1866 uon
496 1825 583 1882 potest.
600 1817 671 1868 irum
689 1833 744 1867 vero
764 1821 794 1867 sd
810 1821 855 1867 boc
865 1820 943 1884 ipsum
956 1821 1083 1883 respexisse
1093 1819 1196 1879 ridetur,

102 1899 146 1962 qui
157 1897 281 1964 proverbio
290 1899 378 1964 primus
388 1901 420 1948 its
431 1900 462 1948 de
474 1897 527 1948 Deo
538 1907 576 1949 est
589 1899 689 1956 locutus,
705 1899 769 1964 quod
780 1915 824 1949 nec
837 1899 902 1949 Deus
913 1917 1015 1964 unqusrn
1025 1917 1078 1949 cum
1092 1901 1193 1950 necessi·

103 1987 156 2028 tete
173 1979 295 2044 pugnsbit.
314 1980 377 2045 qnod
388 1981 499 2045 equidem
509 1979 539 2030 de
548 1981 634 2029 divinis
643 1980 823 2030 necessitutibus
831 1981 1010 2046 intelligendum
1018 1981 1125 2032 arbitror.
1141 1997 1198 2031 num

101 2061 120 2108 si
132 2061 180 2110 boc
190 2061 221 2111 ds
229 2061 335 2110 bumstris
346 2061 525 2110 nscessitatibus
535 2063 633 2118 dicutut,
644 2061 676 2110 ed
686 2077 744 2125 ques
754 2061 822 2110 multi
832 2063 985 2128 respicientes
996 2063 1043 2111 tuie
1053 2059 1110 2128 quid
1119 2059 1198 2126 siunt,

101 2135 174 2205 ldoge
186 2144 289 2191 omniurn
299 2141 581 2192 outfisdnserttorstiu.
615 2141 674 2190 Cor.
690 2141 808 2199 Quaenum
828 2141 908 2206 igibus,
919 2143 1017 2207 hospes,
1027 2157 1075 2190 nou
1085 2143 1194 2191 humone

101 2221 147 2272 sed
166 2223 252 2271 diriore
271 2221 428 2271 doctrinarum
443 2223 597 2272 necessitstes
611 2224 682 2271 stunt?
716 2221 893 2272 tisernitius
913 2223 1017 2279 srbitror,
1027 2223 1196 2288 quosquinon

102 2303 175 2353 discit
186 2305 235 2353 uilo
246 2303 313 2353 rnodo
323 2319 368 2353 uec
380 2303 506 2368 experitur,
516 2303 638 2368 uunqus'm
649 2303 781 2352 bominibus
790 2301 856 2352 Deos
866 2303 893 2352 fit
901 2319 945 2353 neo
956 2303 1048 2352 domm
1059 2311 1105 2353 nec'
1115 2303 1192 2360 heros,

101 2388 129 2434 ut
149 2399 231 2434 curem
251 2385 372 2434 bominum
389 2383 495 2434 studiose
512 2385 598 2432 hebere
619 2385 702 2449 possit.
719 2383 789 2448 longe
808 2385 880 2433 etism
892 2383 974 2440 oberit,
985 2391 1012 2433 ut
1022 2385 1092 2433 bomo
1100 2381 1195 2433 divinus

100 2465 156 2520 fist,
175 2465 197 2513 d
214 2479 259 2514 nee
279 2481 351 2515 unum
373 2481 417 2514 nec
438 2465 487 2513 duo
508 2481 552 2514 nec
573 2465 624 2521 tris,
645 2479 691 2514 neo
713 2466 778 2529 peris
793 2465 889 2513 omniuo
909 2471 980 2528 etque
997 2453 1096 2528 imperis
1115 2471 1198 2528 potest

100 2561 257 2610 cognoscere,
273 2549 292 2596 si
309 2561 352 2597 nec
374 2559 495 2596 numerere
516 2547 591 2602 norit,
610 2561 655 2594 nec
668 2545 722 2594 dies
740 2554 765 2594 ct
782 2551 865 2593 noctes
875 2543 1034 2601 dinumerare,
1045 2559 1091 2593 nec
1101 2544 1156 2592 solis
1168 2559 1197 2593 sc

102 2629 166 2676 tonse
178 2633 354 2692 ceterorumque
366 2635 478 2676 semorum
491 2627 592 2676 ietiones
603 2627 703 2691 eccepit.
719 2625 801 2691 quusi
811 2626 864 2692 quis
874 2625 1005 2674 necessaris
1014 2632 1088 2690 neget
1097 2625 1198 2681 bomini,

102 2709 311 2773 pulcherrimorum
321 2709 478 2757 doctrinarum
489 2707 619 2772 qusndibet
627 2715 775 2773 percepturo,
783 2707 919 2755 stultissime
927 2705 1047 2769 cogitabit.
1065 2705 1106 2753 sed
1118 2704 1198 2770 qusiis

102 2791 185 2839 buturo
200 2789 294 2855 singnis
310 2797 358 2838 not
376 2797 401 2838 et
411 2795 470 2854 quot
480 2795 505 2837 et
514 2787 610 2854 quondo
620 2788 741 2846 discendo,
752 2788 843 2852 etquid
855 2801 909 2836 cour
920 2787 967 2834 elio
978 2793 1004 2835 et
1014 2783 1072 2850 quid
1081 2785 1133 2833 sine
1143 2785 1197 2834 siiis

103 2873 189 2931 mium,
197 2879 222 2921 et
230 2885 283 2936 que
290 2873 320 2920 sit
328 2871 434 2919 universe
442 2871 538 2918 istorum
544 2869 652 2925 mixture,
663 2877 729 2918 recte
740 2876 795 2917 sote
806 2867 886 2916 otuuie
895 2875 931 2916 cst
940 2866 1089 2916 discendunt.
1109 2865 1197 2914 deiude

102 2955 140 3003 bis
148 2955 262 3003 docmiuis
271 2953 372 3002 ducibus
383 2953 412 3000 sd
424 2951 482 3000 elios
491 2949 653 3015 grediendunr.
671 2951 705 2999 sic
716 2950 781 2997 enim
792 2955 874 2996 nsturu
883 2948 1009 2997 necessitas
1021 2948 1073 3011 ipse
1083 2945 1195 3002 obtinuit,

103 3051 150 3100 qus
169 3051 223 3084 cum
242 3033 350 3083 Deorum
370 3033 462 3081 nulium
482 3033 581 3081 dicimus
599 3039 640 3079 sot
658 3043 763 3094 pugnero
784 3043 848 3076 nunc
862 3033 1018 3092 estusqusm
1029 3033 1196 3092 pugneturunr.

104 3119 162 3167 Cor.
178 3117 265 3172 Recte,
276 3117 372 3179 hospes,
384 3129 411 3163 sc
429 3113 558 3161 urendum
566 3121 681 3167 usturam,
693 3125 745 3175 quse
757 3109 825 3164 dicis,
837 3109 870 3156 its
881 3107 929 3157 dici
940 3107 1057 3156 ridentur.
1090 3105 1195 3154 Arses.

103 3199 143 3248 Sic
163 3215 190 3248 se
209 3211 245 3246 res
263 3199 343 3256 hebet,
361 3211 376 3244 o
394 3193 489 3244 Clinisr
510 3193 551 3241 sed
572 3191 667 3239 difficile
682 3199 726 3247 est,
744 3190 774 3237 de
786 3189 892 3236 istisboc
904 3185 1121 3250 ordiuepropositis
1133 3187 1196 3247 teges

102 3284 170 3331 ferre.
187 3293 258 3343 quere
275 3279 300 3327 in
319 3277 384 3325 uiittd
397 3283 499 3338 ternpus,
510 3271 531 3322 si
543 3273 642 3326 ridetur,
661 3271 734 3318 diists
745 3269 882 3333 diligentius
891 3268 942 3316 brec
952 3265 1044 3330 iegibus
1054 3263 1196 3313 sanciemus.

102 3361 162 3411 Cur.
179 3359 282 3416 Videris,
293 3361 387 3423 hospes,
398 3365 500 3403 nostrmu
510 3355 541 3401 ds
553 3353 590 3401 iris*
599 3355 667 3400 rebus
676 3349 820 3415 imperitisut
829 3346 963 3396 formidare.
978 3361 1056 3410 neque
1063 3344 1089 3393 id
1098 3343 1194 3410 injuris.

101 3449 262 3490 serumtsrnen
273 3453 389 3503 exponere
400 3435 499 3493 coneris,
507 3434 567 3483 nihii
574 3435 618 3481 hsc
628 3431 659 3480 de
670 3443 741 3480 csuss
750 3431 846 3479 veritus.
878 3429 983 3477 Aruns.
1000 3425 1109 3476 Formido
1129 3425 1196 3491 cqui-

102 3523 165 3579 dem,
186 3521 250 3586 qood
271 3521 343 3570 dicis:
363 3519 436 3584 [819]
455 3517 497 3566 sed
518 3515 594 3564 mutto
616 3513 690 3578 nugis
710 3521 749 3561 eos
769 3511 930 3575 pubonesoo,
948 3509 989 3573 qut
1010 3509 1053 3555 bre
1072 3505 1205 3556 doctrines'

102 3611 225 3668 gustarunt
243 3601 347 3667 quidem,
367 3600 408 3648 sed
429 3595 630 3661 octogonorum.
645 3609 693 3643 non
704 3593 768 3643 enim
779 3605 849 3654 grsre
860 3589 987 3639 edutodurn
996 3587 1112 3652 quiddam
1122 3595 1158 3634 est
1169 3593 1194 3634 ot

101 3684 186 3734 durum
201 3696 280 3732 rerum
295 3681 397 3732 emnium
415 3679 540 3744 imperitis,
555 3693 600 3726 nec
616 3689 732 3724 nmmum
741 3673 838 3727 rusiusn,
848 3671 892 3720 sed
902 3671 977 3719 mutto
989 3667 1144 3734 perniciosius
1154 3677 1192 3718 est

102 3765 163 3814 rusie
191 3773 328 3828 compersts
355 3763 482 3810 muitarum
509 3773 583 3808 rerum
605 3757 692 3822 peritis
711 3767 781 3821 etque
799 3753 890 3802 uetitis.
923 3749 982 3800 Cur.
1000 3747 1063 3798 vers
1082 3749 1193 3814 loqueris·

101 3846 205 3896 druse.
221 3843 323 3909 Oportet
337 3844 409 3908 igitur
425 3843 510 3890 liberos
525 3840 633 3889 homines
642 3855 671 3888 ee
682 3838 781 3894 discere,
792 3851 845 3900 qus
855 3847 903 3882 uus
913 3847 967 3881 cum
977 3831 1097 3880 iitersturs
1108 3839 1193 3895 ntegns

100 3936 226 3992 puerorum
245 3927 312 3974 turbs
328 3925 355 3972 in
374 3923 479 3989 AEgypto
500 3919 621 3986 perdiscit.
636 3921 739 3985 primurn
757 3917 820 3967 enim
840 3911 1023 3978 computationis
1042 3909 1149 3960 doctrine
1159 3911 1194 3962 sie

99 4017 197 4073 propter
211 4019 297 4072 poetes
313 4005 452 4070 excogitem,
463 4017 518 4052 cum
528 4001 584 4051 intio
592 4009 617 4050 et
628 4003 749 4064 voluptste
761 3996 895 4062 percipitur.
909 4007 1032 4058 pomorum
1043 4005 1192 4042 coronsrnru·

98 4105 146 4156 que
164 4089 271 4154 pluribus
289 4087 465 4152 paucioribusve
475 4083 608 4133 distributio
617 4083 652 4139 tr,
663 4081 749 4130 iisdem
759 4075 946 4142 competentibus
957 4073 1067 4124 numeris.
1084 4073 1193 4138 pugilum

98 4179 194 4241 qsoqtte
212 4175 237 4218 et
250 4169 389 4217 incestorum
406 4173 537 4223 consessus,
555 4171 580 4213 et
599 4161 709 4212 consortii
721 4161 824 4209 sturnus
834 4163 858 4206 et
869 4167 1014 4220 consequeus
1024 4155 1091 4213 ordo,
1102 4165 1129 4203 ut
1141 4153 1193 4202 beri

100 4251 169 4308 seiet,
180 4249 303 4316 digeritur.
318 4249 410 4314 ptrisiss
418 4247 489 4296 etism
500 4261 588 4302 suress,
605 4259 689 4294 eursu
698 4249 723 4293 et
732 4249 862 4306 srgmtees,
873 4237 1007 4302 similesque
1021 4237 1080 4285 siiss
1090 4233 1196 4284 ludendo

99 4331 269 4389 immiscentes,
289 4331 326 4379 sei
347 4335 408 4378 totos
427 4329 487 4378 niter
503 4327 570 4376 citeri
587 4327 715 4381 undenus,
733 4321 884 4378 necessurtos,
902 4325 929 4368 ut
946 4317 1077 4375 dixi,1udis
1089 4329 1196 4364 numeros

99 4421 182 4478 sptuut
193 4429 200 4460 r
219 4419 291 4477 stqne
309 4411 345 4460 its
357 4409 482 4459 uttttursm
493 4408 598 4474 probent
608 4405 753 4456 discentibus
764 4403 793 4453 sd
805 4401 922 4451 esereitus
932 4397 1060 4454 duceudos,
1068 4405 1196 4446 csstrorosn

98 4495 200 4551 ordines,
222 4493 254 4544 sd
265 4507 316 4542 rem
327 4490 446 4558 publicem
456 4489 628 4556 disponendum
639 4495 665 4536 et
674 4485 706 4535 sd
715 4486 806 4550 relique
816 4483 904 4540 omnis,
915 4479 1122 4545 vigilentioresque
1133 4476 1199 4537 ipsos

96 4573 208 4625 reddunt.
224 4573 314 4626 deinde
324 4587 378 4624 cum
387 4571 598 4636 nstuuignersrio
611 4569 685 4636 turpis
695 4565 872 4635 etqueridends
879 4563 910 4614 dc
918 4573 1028 4612 mertem
1037 4553 1207 4623 iongindinits'
