3102 5312
162 529 237 606 stt]
469 530 524 592 DE
551 527 723 615 LEGIBUS
746 527 822 591 ΗΒ.
842 529 913 590 x11.
1187 519 1249 593 437

158 683 383 734 mitstssists'cum
392 685 502 734 ustursnr
513 690 653 734 consonent
663 697 739 740 susm,
752 681 867 732 mssimu
880 683 925 731 toti
943 680 1035 748 corporl
1052 675 1115 732 'siice
1131 684 1252 748 prebente

159 773 246 814 coutrs
261 779 321 814 vero
341 767 494 815 contrsrium.
510 773 536 814 et
551 765 626 814 sture
644 764 743 830 quidem
760 765 870 813 universo
890 765 982 828 corpori
1000 765 1101 813 merirne
1119 765 1253 815 ministrat:

158 847 323 896 slierstolnm
333 847 408 903 ducit,
419 863 473 896 cunr
491 845 635 910 principales
650 845 705 910 ejus
726 859 810 894 sensns
831 859 913 893 omues
931 852 1016 894 nutura
1032 846 1160 910 possident.
1178 846 1253 912 [9⁴8]

160 925 205 974 sed
217 927 352 990 hujumodi
361 927 460 992 quidem
477 929 561 976 lsudes
578 927 695 976 bellicose
712 926 769 974 vitm
780 925 883 989 juvenes
900 925 1015 986 sudisnt;
1037 925 1103 990 leges
1115 941 1172 976 sero
1182 928 1254 975 istss:

160 1005 263 1064 Militet.
273 1009 410 1073 quicunque
420 1007 571 1072 conscriptus
579 1015 619 1056 est
629 1015 670 1056 sut
680 1007 741 1070 perti
751 1006 824 1054 slioui
835 1006 971 1068 deputetur.
986 1007 1005 1054 si
1017 1007 1070 1070 quis
1084 1021 1142 1056 vero
1156 1015 1255 1072 propter

160 1087 292 1152 ignatium,
304 1090 391 1152 ubsque
402 1087 692 1152 commestnimpernteris
701 1085 773 1149 desit,
794 1085 825 1134 ed
843 1085 963 1150 principes
979 1085 1046 1142 belli,
1063 1103 1116 1136 curn
1132 1089 1255 1144 redierint.

160 1177 295 1220 moretm.
313 1169 424 1233 judicent
442 1179 530 1226 sutem,
551 1170 592 1233 qni
609 1169 748 1223 rnilitsruut,
764 1181 855 1224 omnes,
871 1181 975 1216 morsum
993 1168 1090 1230 quidem
1108 1169 1210 1232 pedites,
1231 1177 1257 1218 et

160 1249 257 1311 equites
278 1263 391 1307 seorsum,
411 1251 534 1314 ceterique
557 1249 673 1297 similiter.
706 1248 809 1311 pedites,
831 1247 920 1311 quippe
942 1245 974 1294 sd
994 1247 1097 1310 pedites,
1118 1255 1143 1295 et
1161 1249 1255 1312 equites

161 1329 273 1378 similiter
289 1332 320 1379 sd
332 1331 432 1394 equites,
444 1331 566 1394 ceterique
578 1329 666 1392 singuli
677 1327 707 1377 rui
720 1327 825 1393 ejusdem
835 1327 905 1377 sortis
921 1327 1041 1392 principes
1059 1328 1183 1376 deserendi
1193 1337 1256 1382 sunt.

159 1410 203 1457 ubi
216 1411 351 1475 quicunque
369 1412 494 1458 dsurnstus
508 1410 589 1467 inerit,
607 1417 633 1458 ct
651 1409 678 1456 in
695 1416 814 1458 oertsmsn
829 1415 914 1472 postes
930 1408 1089 1473 quodcunque
1109 1408 1255 1458 descendere

159 1497 188 1538 et
202 1492 279 1540 slinnr
288 1493 405 1554 neglecte
414 1491 507 1539 milities
516 1505 627 1540 seruare
638 1487 797 1554 prohibentur.
815 1497 935 1554 prseteree,
951 1489 1008 1553 qnid
1020 1489 1077 1537 dsre
1087 1491 1167 1553 petire
1178 1491 1255 1554 ipsum

159 1579 281 1635 oportent,
294 1573 388 1637 judiees
402 1579 515 1620 ststnsnt.
531 1570 574 1619 sed
591 1571 691 1619 desertio
709 1570 801 1618 militie
819 1569 912 1634 jndicio
926 1578 1032 1634 persero,
1054 1570 1161 1633 peditum
1176 1585 1257 1640 rursus

160 1653 320 1716 equitumque
330 1660 355 1700 es
363 1651 462 1701 ulmum
472 1659 546 1700 omum
556 1666 570 1699 n
580 1651 727 1715 principibus
742 1651 879 1707 iubeantur,
887 1660 914 1700 nt
924 1650 1035 1699 militaris
1048 1651 1093 1707 his,
1105 1651 1146 1714 qui
1159 1659 1255 1699 strenue

159 1746 190 1779 se
204 1741 337 1792 gesserunt,
352 1731 519 1782 denudentur.
532 1731 626 1795 judicet
636 1739 713 1780 eutem
724 1733 756 1778 de
766 1731 873 1788 victorie,
883 1732 990 1797 quisquis
1007 1731 1074 1788 solit,
1088 1731 1153 1780 inter
1168 1730 1258 1780 ordinis

161 1812 201 1860 sui
213 1813 352 1875 participes.
364 1814 398 1860 its
411 1821 440 1861 ut
449 1813 623 1876 preteritorum
633 1813 788 1861 certaminum
798 1827 843 1861 oco
855 1811 1005 1875 conjectures
1014 1827 1094 1875 neque
1104 1820 1177 1860 testes
1191 1813 1258 1862 sdln'-

162 1892 237 1940 bcst:
261 1893 304 1940 sed
326 1907 380 1940 eum
401 1907 454 1956 quse
473 1907 547 1957 nuper
565 1902 632 1956 geste
652 1901 699 1954 eet,
717 1907 820 1956 pugnem
841 1893 963 1940 dumterst
982 1893 1125 1942 consideret.
1141 1895 1258 1944 donentur

161 1971 261 2028 duride,
271 1972 313 2036 qui
330 1973 442 2035 preclsre
453 1981 557 2022 certssse
573 1972 725 2029 ridebuntur,
744 1986 831 2021 corcus
847 1988 876 2020 cx
891 1972 1014 2020 frondibus
1035 1973 1124 2022 srboris
1143 1983 1258 2039 perpetuo

161 2053 390 2108 struthionem,
401 2061 573 2116 quempostes,
594 2054 634 2115 qni
645 2054 765 2102 consecuti
779 2061 842 2109 sunt,
857 2053 882 2100 in
899 2053 1061 2102 bellicosorum
1081 2055 1176 2118 templis
1193 2054 1260 2104 Deo·

163 2149 225 2189 rom,
236 2133 489 2197 utcunqneplseucrit,
508 2149 561 2181 cum
578 2133 731 2197 inscriptione
747 2133 864 2198 tituloque
878 2134 1033 2197 suspendant,
1052 2141 1079 2182 ut
1096 2135 1258 2184 testimonium

161 2213 258 2262 virtutis
268 2214 300 2261 sit
309 2213 454 2261 diuturnum.
470 2215 576 2262 secundo
587 2227 681 2278 quoqne
691 2215 798 2263 sotertio
815 2217 868 2263 loco
884 2205 997 2263 declursti
1013 2215 1047 2263 sio
1057 2215 1154 2264 iaciunt.
1170 2218 1190 2265 si
1206 2219 1260 2282 quis

128 2295 130 2300 '
163 2303 246 2343 sutem
265 2295 375 2343 militium
395 2294 524 2357 proiectus,
548 2303 675 2358 sntequsm
697 2294 815 2359 principes
836 2295 975 2352 dimiserint,
995 2297 1026 2344 sb
1046 2279 1149 2346 exercitu
1166 2297 1258 2356 obierit,

163 2375 230 2436 spnd
241 2375 338 2422 eosdem
346 2373 439 2438 judices
449 2375 494 2422 iste
506 2373 613 2423 derelicti
631 2375 720 2424 ordinis
736 2384 870 2433 accusetur,
885 2375 950 2439 spnd
971 2391 1030 2440 quos
1052 2383 1077 2424 et
1091 2378 1133 2426 ille
1152 2378 1259 2442 superior

162 2454 281 2516 neglecte
290 2454 381 2502 militie
392 2462 516 2503 secuntus
524 2465 576 2503 est:
599 2463 624 2504 et
633 2455 759 2504 damatus
769 2457 878 2504 similiter
887 2457 1006 2520 punietur.
1022 2471 1104 2506 cerere
1120 2465 1198 2506 sulem
1216 2475 1259 2522 pro

162 2534 255 2582 viribus
265 2533 345 2590 debet,
356 2535 459 2599 quisquis
469 2536 571 2600 eliquern
577 2535 729 2600 judiceturus
739 2544 784 2592 ert,
804 2551 835 2584 ne
856 2545 941 2600 sponte
957 2545 998 2583 sut
1012 2537 1102 2586 insitus
1117 2539 1259 2602 supplicium

164 2615 310 2663 mulctsmse
320 2613 379 2663 islso
390 2623 473 2664 etnorr
484 2617 567 2664 merito
578 2617 671 2666 inierst.
683 2617 872 2682 judiciumeniru
889 2616 955 2680 virgo
974 2617 1084 2681 quedem
1100 2619 1189 2682 pudice
1207 2619 1261 2667 ess's

163 2711 222 2745 vere
240 2695 335 2744 dicitur.
360 2696 446 2760 pudori
459 2705 541 2746 sutem
558 2705 631 2762 stqne
645 2697 737 2763 judicio
759 2700 890 2747 secundnm
912 2705 1018 2747 summm
1037 2697 1093 2747 odio
1111 2699 1260 2748 menducium

163 2785 210 2824 est.
226 2775 378 2840 quemobrem
389 2793 441 2826 cunr
453 2778 479 2826 io
491 2779 544 2826 sliis
553 2779 669 2834 omnibus,
680 2787 732 2828 turn
743 2780 841 2827 rusrime
855 2778 1025 2827 inbellloornm
1043 2795 1158 2828 armorum
1169 2781 1261 2846 projec-

165 2857 243 2912 tione,
254 2857 384 2906 sacerdote
393 2865 437 2918 ert,
447 2873 480 2907 ne
489 2858 567 2908 Deum
575 2860 660 2925 judicii
671 2861 797 2924 presidem
814 2859 962 2908 offendemus
972 2877 977 2906 :
1000 2875 1032 2908 ne
1047 2859 1101 2924 quis
1119 2862 1262 2910 necessarios

164 2951 283 2985 munorum
294 2937 438 3002 ubjecdones
448 2940 517 3003 qussi
528 2947 662 3005 tmpespsr
670 2941 826 3004 ignoruntium
837 2939 969 2996 muluatus,
979 2941 1084 3004 uliqnern
1099 2955 1169 3004 pune
1183 2941 1262 3006 indig-

163 3033 225 3066 uum
240 3019 359 3068 immerito
370 3021 462 3083 puniet.
479 3021 577 3069 srdourn
588 3021 686 3084 quidem
696 3029 733 3069 cst
743 3022 790 3068 ists
800 3020 944 3083 distinguere
954 3035 960 3065 ε
980 3027 1074 3082 oportet
1084 3028 1172 3078 umen,
1183 3029 1210 3069 ut
1222 3023 1261 3070 lex

166 3098 315 3162 distinguere
324 3115 368 3163 per
388 3101 492 3166 singulus
510 3107 592 3165 portes
607 3109 714 3150 conetur.
729 3101 810 3150 isbuls
825 3100 897 3164 igitur
910 3101 941 3146 sd
960 3101 1010 3147 lraec
1027 3107 1127 3148 utemur.
1145 3101 1218 3166 [944]
1239 3103 1261 3151 si

163 3179 255 3243 ubsque
273 3181 343 3228 ermis
366 3182 531 3228 semimortuus
548 3183 577 3227 sd
596 3181 698 3228 tentorio
713 3181 839 3228 Petroclns
857 3179 942 3227 luisset
958 3179 1059 3234 deletus,
1079 3181 1141 3241 quod
1157 3181 1262 3242 pluribus

168 3261 274 3321 socidit3
296 3269 404 3317 cimus,
416 3275 470 3324 quse
489 3259 577 3316 sDils,
588 3267 616 3307 ut
636 3261 713 3325 poits
733 3259 802 3315 dicit,
821 3260 848 3306 in
869 3260 950 3306 dotem
968 3257 1065 3306 Thetidi
1085 3259 1141 3307 dots
1160 3260 1262 3319 suerum,

166 3340 198 3389 sb
209 3340 312 3388 Hectore
332 3347 399 3403 rsptc
408 3339 525 3388 iuiments
543 3347 621 3388 utrum
637 3339 806 3394 Meuoetindes,
818 3339 887 3401 qussi
895 3353 961 3386 arms
973 3337 1095 3400 abjecerit,
1110 3355 1124 3386 s
1143 3340 1262 3389 detrecto·

167 3421 235 3470 ribus
246 3420 417 3485 vituperandus
428 3421 517 3469 inerit?
538 3427 658 3484 pretores,
668 3420 735 3483 siqui
745 3421 775 3467 sb
793 3420 842 3467 slto
860 3419 1044 3484 precipitatum,
1052 3425 1094 3468 sut
1102 3420 1128 3467 in
1146 3421 1202 3468 meri
1220 3430 1262 3471 sut

165 3503 194 3550 in
204 3503 355 3566 tempeststis
369 3515 528 3567 equarumque
545 3501 677 3550 colluvione
696 3509 737 3548 sut
757 3503 783 3548 in
803 3499 856 3549 eliis
875 3499 1039 3564 hujuscemodi
1058 3501 1192 3564 permultis,
1209 3515 1262 3565 qnae

167 3581 357 3646 sd'purqsndsm
367 3583 469 3646 ignsriss
479 3583 637 3647 suspicionem
648 3583 728 3632 efferri
738 3589 844 3647 possum,
854 3581 932 3630 coeoti
940 3597 1003 3629 arms
1013 3581 1141 3637 smuefint,
1161 3589 1261 3632 eruntne

167 3663 338 3726 simpersndi?
355 3663 436 3712 dsnds
447 3679 502 3712 sero
521 3679 594 3728 opere
611 3673 656 3720 est,
676 3672 703 3712 ut
720 3663 796 3728 sunjus
812 3663 953 3728 presiusque
969 3663 1058 3710 mulum
1078 3677 1122 3724 pro
1143 3662 1231 3711 viribus
1248 3679 1262 3712 s

167 3745 287 3795 conluuio
299 3759 457 3796 secernemur.
473 3746 561 3810 inipso
579 3745 650 3809 igitur
668 3747 840 3809 vituperatione
857 3744 1022 3793 vocabulorum
1044 3743 1146 3807 ipsorum
1160 3744 1261 3808 prolatio

167 3825 330 3874 differentium
350 3826 469 3890 quendum
492 3826 605 3876 ostendit.
637 3841 693 3874 nem
716 3827 776 3875 scoti
798 3825 904 3890 abjector
924 3839 972 3872 non
997 3824 1028 3872 de
1049 3823 1159 3872 omnibns
1180 3825 1261 3876 merito

169 3905 263 3956 dicitur
272 3921 279 3965 r
295 3921 413 3956 srmorum
424 3923 479 3957 ssro
487 3907 626 3956 smissorde
637 3908 762 3956 omnibus:
777 3921 823 3956 nec
842 3906 958 3962 similiter,
974 3905 1015 3970 qui
1036 3905 1061 3952 si
1077 3904 1156 3952 emisit
1176 3913 1202 3953 et
1221 3908 1263 3970 qui

169 3994 257 4050 sponte
267 3986 365 4050 ubjecit,
376 3987 438 4037 scuti
448 3987 554 4052 objector
563 3997 601 4037 est
608 3981 768 4053 judicandus.v
778 3988 874 4036 omuino
885 3987 949 4036 enim
963 3985 1068 4050 undique
1089 3985 1209 4036 differunt.
1227 3988 1262 4036 sic

167 4068 246 4131 igitur
257 4069 406 4118 mnolsmus:
419 4071 504 4134 Siquis
514 4071 544 4118 sb
555 4071 664 4119 hostibus
674 4071 855 4124 circumsectus,
866 4085 919 4118 cum
931 4075 1034 4116 umatus
1043 4073 1114 4124 esset,
1126 4083 1172 4116 non
1179 4069 1262 4118 deien-

168 4149 208 4196 uir
221 4163 248 4196 se
260 4161 338 4198 sersus
355 4152 384 4198 sd
406 4165 455 4206 eos,
466 4151 510 4200 scd
525 4165 590 4200 sums
599 4159 684 4215 sponte
693 4150 781 4199 dimisit
790 4158 831 4198 sut
839 4149 934 4214 objecit,
945 4157 1086 4213 turpemque
1095 4149 1167 4198 vitem
1175 4149 1262 4198 veloci·

164 4237 221 4278 tsts
239 4243 375 4294 eorupsrsre
386 4231 430 4279 slbi
438 4232 523 4280 meluit
533 4247 604 4297 qusnr
614 4231 752 4281 fertitudine
764 4233 885 4279 honestem
898 4229 1038 4296 felicemque
1047 4239 1161 4278 mortem:
1179 4229 1210 4278 ds
1219 4231 1263 4278 hu-

167 4307 277 4373 jusmodi
290 4325 406 4360 semorum
419 4311 565 4376 projectione
573 4315 690 4378 judicium
699 4313 821 4369 hebetetur,
840 4312 871 4360 de
881 4311 992 4376 superiori
1014 4327 1069 4361 sero
1089 4313 1189 4361 nullum.
1206 4309 1263 4358 msli

171 4389 238 4438 enim
253 4391 382 4456 ignavique
393 4407 486 4456 semper
496 4395 610 4458 puniendi
621 4403 683 4452 sunt,
693 4401 720 4443 nt
730 4395 840 4442 medones
853 4393 1007 4458 iustioresque
1028 4394 1142 4442 eredunt:
1162 4389 1262 4439 iulortu-

170 4471 223 4518 nsti
235 4485 292 4520 voro
301 4473 407 4522 minime.
422 4475 482 4523 nihil
493 4477 557 4524 euim
567 4477 695 4540 proficitur.
716 4475 758 4525 sed
769 4491 876 4540 quonum
886 4475 1025 4540 objectionis
1034 4487 1149 4523 mororum
1165 4471 1263 4520 dsnns·

174 4559 212 4610 to,
224 4563 248 4600 ct
258 4567 273 4600 s
283 4553 346 4604 virili
356 4553 492 4604 iortimdine
504 4553 657 4621 degeneranti
669 4573 738 4622 porus
749 4573 852 4622 congrus
862 4558 927 4606 erit?
943 4555 1072 4621 presertim
1088 4567 1140 4602 cnut
1156 4549 1265 4615 impossi-
