3098 5314
129 543 207 621 eret
472 539 527 600 ue
555 537 727 602 nummus
770 541 845 604 riu.
874 544 898 602 1.
1160 550 1220 610 uer

128 697 198 748 nnlls
216 704 279 745 esset
295 695 393 751 utilltse,
408 709 458 744 non
476 697 656 760 possessionum,
674 709 722 744 non
738 695 832 754 ertiuru⁸
851 697 958 763 nisiquis
966 695 1029 748 bello
1039 709 1151 765 superet3
1169 719 1230 754 cuma

130 779 212 830 omnis
226 779 289 826 bene
305 777 445 842 eommqni
453 777 537 826 invicti
545 785 608 834 sunt,
624 777 763 827 udrictotes
782 777 846 826 illino
855 785 985 829 msemt.
1016 780 1120 831 Areus.
1136 781 1224 844 Probe,

130 873 148 908 o
167 861 262 922 hospes,
277 857 309 908 sd
320 856 476 922 perimendos
489 858 636 908 Cretensium
647 860 714 923 teget
724 859 864 908 exerdntns
873 860 933 908 milti
943 860 1039 911 rideris.
1048 862 1121 912 sedid
1130 866 1227 929 plenius

130 941 207 989 diens.
222 949 288 989 recte
305 939 446 1002 dispositsnr
462 939 581 987 civitatem
600 947 657 988 tunc
676 938 770 988 denium
789 938 867 987 dicere
884 939 950 988 visus
963 957 998 999 es.
1009 957 1062 991 oum
1072 943 1107 992 sio
1117 944 1226 995 institute

129 1027 183 1068 est:
198 1027 229 1068 ut
244 1027 336 1068 deteris
352 1019 416 1068 bello
434 1019 528 1068 rineere
538 1019 619 1082 possit.
638 1033 718 1068 nonne
736 1019 788 1068 its?
821 1017 880 1069 cn.
902 1021 941 1069 lte
961 1037 1064 1086 prorsus.
1079 1025 1225 1075 nuncetimn
1297 1007 1299 1012 Α

130 1099 231 1149 erbitrm
241 1113 417 1148 eonsemmm.
450 1097 524 1148 Mne.
540 1097 611 1148 Hnnd
628 1099 735 1155 alitem
756 1099 837 1148 dirius
856 1100 899 1158 vir,
913 1101 1146 1154 Laeedmmoniorum
1161 1108 1227 1171 (μὴ.

130 1183 196 1246 pium
214 1181 374 1246 responderet.
406 1180 511 1230 Aruns.
527 1179 612 1230 Utrum
623 1180 707 1230 eivltss
718 1180 751 1230 sd
762 1181 880 1230 oiritstetn
890 1183 924 1230 its
933 1198 960 1231 se
971 1183 1055 1245 hebet3
1071 1185 1138 1236 viee·
1148 1195 1227 1236 sutem

131 1263 163 1312 sd
183 1262 263 1310 vicum
279 1261 367 1310 stite?
400 1259 459 1309 Cur.
475 1259 532 1310 Non
548 1260 624 1310 aliter.
661 1260 769 1310 senne.
790 1261 904 1311 Similiter
923 1279 979 1328 ergo
997 1279 1023 1312 se
1040 1264 1136 1314 hebent.
1169 1266 1228 1318 Cur.

131 1343 255 1394 Similiter.
287 1342 391 1392 Arnus.
408 1341 525 1406 Nunqnid
538 1351 564 1390 et
573 1341 657 1390 domus
667 1342 698 1389 sd
708 1342 812 1398 domurn,
823 1357 877 1407 qum
887 1343 970 1393 eodem
978 1345 1005 1393 in
1013 1345 1137 1404 vlooornt,
1147 1347 1228 1396 otuin-

133 1426 183 1490 geli
193 1425 237 1474 riri
246 1423 278 1473 sd
288 1423 410 1488 singulos?
435 1423 493 1472 cu.
505 1423 620 1472 Similiter
631 1435 656 1471 et
665 1423 719 1474 ists.
750 1424 853 1474 Arnus.
869 1424 935 1482 Quid
946 1440 1015 1488 porro
1024 1425 1055 1474 de
1064 1427 1113 1475 rire
1121 1427 1229 1492 quolibet

133 1507 164 1554 sd
172 1521 198 1555 se
207 1505 287 1570 iponem
297 1513 335 1553 est
345 1505 490 1554 dioendom?
506 1511 586 1553 utrum
596 1504 724 1566 quemlibet
734 1506 765 1553 sd
776 1519 800 1554 se
809 1505 896 1569 ipsum,
907 1505 974 1570 qussi
985 1508 1077 1554 hostem
1088 1509 1228 1564 adommin,

134 1586 195 1636 efflei
205 1587 331 1634 dicemus?
347 1599 378 1633 sn
389 1585 474 1634 iliter?
508 1585 567 1635 Cur.
583 1585 606 1634 0
618 1585 769 1634 Atheniensis
779 1587 874 1650 hospes.
889 1601 938 1634 non
954 1587 1020 1635 enim
1030 1603 1075 1652 ego
1084 1595 1109 1636 te
1119 1587 1228 1638 Atticum

134 1667 257 1716 nomiosre
277 1667 340 1715 voto.
360 1665 448 1715 videtis
462 1681 565 1731 numque
576 1665 636 1716 Dem
647 1667 724 1730 ipsius
736 1668 850 1722 Atlrenss,
860 1667 887 1716 id
897 1675 934 1718 est
944 1667 1060 1726 Pslledis,
1070 1678 1230 1734 cognomento

134 1749 228 1812 dignior
237 1763 300 1798 esse.
316 1761 403 1811 mmpe
419 1747 552 1796 nmvemm
570 1749 758 1796 homuntionem
769 1748 800 1796 sd
812 1749 952 1813 principium
962 1751 1083 1800 reductam
1091 1751 1126 1799 ite
1135 1752 1228 1816 inlunem

135 1829 220 1886 iecisti,
234 1837 262 1878 nt
272 1829 366 1878 lucilius
375 1828 476 1878 inveniri
485 1837 565 1891 quest,
573 1827 646 1878 modo
654 1829 727 1893 probe
738 1829 812 1880 luisse
823 1829 922 1886 dietum,
931 1831 1018 1880 hostes
1024 1831 1137 1881 videlieet
1145 1847 1231 1881 omnes

136 1912 245 1960 omnibns
252 1925 313 1967 esse,
325 1917 374 1958 tm
384 1909 480 1973 publice
489 1924 561 1974 quom
572 1910 687 1973 privetim,
696 1918 721 1960 et
730 1911 836 1974 singulos
846 1912 892 1960 sibi
902 1913 970 1977 ipsis.
1002 1914 1107 1962 Aruer.
1122 1913 1233 1971 Quomo-

135 1992 202 2041 doid
213 1992 258 2049 eis,
269 1991 329 2040 onir
337 1990 451 2039 mirificus?
484 1989 543 2040 cm.
558 1989 671 2047 Primam,
681 2007 697 2040 o
706 1992 800 2055 hospes.
816 1999 842 2040 et
852 1993 967 2058 optimum
975 2009 1028 2043 esse
1038 1993 1093 2044 dieo
1101 1993 1232 2052 victorium,

138 2081 166 2120 ut
178 2087 204 2122 se
214 2074 293 2137 ipsum
304 2072 358 2136 quis
368 2071 448 2120 vincet
458 2087 463 2117 t
482 2071 643 2136 turpissimum
653 2087 709 2120 vero
719 2073 833 2137 qniddsm
842 2083 868 2122 et
877 2073 1015 2138 poenitum,
1023 2083 1051 2124 nt
1059 2089 1075 2124 o
1084 2090 1110 2124 se
1120 2075 1173 2138 ipso
1180 2075 1231 2124 rin·

136 2161 209 2204 estur.
228 2162 302 2218 etque
320 2154 373 2201 lune
391 2152 472 2202 omnis
489 2151 579 2201 bellurn
595 2168 647 2202 esse
667 2153 768 2217 singulis
787 2155 818 2202 sd
834 2169 861 2204 se
878 2156 943 2220 ipsos
952 2156 1094 2220 signitiesnt.
1126 2153 1232 2208 Aruer.

136 2234 276 2284 Οιιᾶοιιεω
292 2233 452 2284 illumiterunr
460 2249 613 2284 momsmos.
631 2249 688 2284 nem
697 2250 751 2284 eum
762 2235 861 2300 quisque
869 2243 974 2286 uostmm
984 2236 1170 2300 sntsuperiorse
1178 2236 1233 2301 ipro

135 2316 167 2364 sit
176 2324 218 2364 snt
225 2316 320 2366 inlerior
330 2333 338 2376 3
355 2315 430 2380 [tm]
442 2314 603 2364 dicendumne
614 2323 652 2364 est
662 2315 747 2364 eodem
758 2331 783 2364 se
793 2317 864 2366 modo
874 2317 979 2374 domum,
990 2318 1069 2366 sicum
1077 2325 1103 2366 et
1111 2317 1232 2368 civitatem

136 2397 244 2445 hubae?
260 2411 291 2445 sn
311 2397 396 2446 aliter?
429 2394 491 2446 Cur.
505 2397 573 2446 Sitne
595 2395 701 2461 superior
720 2396 801 2460 eliqua
818 2412 844 2446 se
861 2397 922 2461 ipse,
939 2399 1019 2462 ulique
1034 2397 1137 2453 interior,
1155 2398 1234 2448 dieis?

139 2477 248 2526 Arses.
264 2475 294 2526 ld
312 2479 395 2543 ipsum.
428 2477 487 2528 Cur.
504 2479 571 2527 Istud
582 2493 677 2542 quoque
688 2479 872 2544 reetequtesisti.
881 2493 929 2527 non
940 2477 1235 2528 euimminusoiritstibus

137 2559 301 2624 idcontingit:
318 2559 389 2608 immo
402 2559 503 2608 maxine
520 2560 565 2608 hoc
574 2559 807 2624 ineispersplcuum.
822 2575 878 2608 nem
889 2559 929 2608 ubi
941 2559 1048 2608 meliores
1058 2557 1233 2608 multitudinem
1323 2571 1328 2580 ·

136 2638 281 2705 pejoresque
296 2648 418 2704 superent,
426 2647 492 2689 reete
504 2641 611 2704 prolecto
619 2641 704 2690 eiritss
713 2641 757 2690 ills
767 2640 872 2704 superior
885 2655 910 2690 se
921 2640 975 2704 ipss
984 2639 1085 2696 dicetur,
1093 2646 1119 2686 et
1128 2639 1174 2688 hnc
1184 2639 1232 2688 ric·

133 2719 197 2770 toris
216 2720 363 2785 nonhjnsis
373 2721 520 2770 lsudnbitnr:
537 2729 618 2770 oontrs
627 2737 693 2778 vero,
705 2722 746 2770 uhi
756 2721 898 2770 ceutronum
907 2721 944 2769 fit.
976 2721 1079 2770 Arnus.
1095 2720 1142 2768 Sed
1156 2727 1233 2770 utrem

138 2801 203 2866 quod
219 2801 290 2867 pejus
307 2811 353 2859 est,
369 2801 466 2851 melioee
477 2802 607 2867 sliqusndo
615 2803 720 2866 superius
730 2803 884 2867 etpotenu'us
892 2809 931 2858 nt,
941 2802 973 2850 ed
981 2815 1086 2866 presens
1095 2801 1234 2864 pretermit-

137 2891 216 2944 etun
232 2885 339 2948 longiore
348 2897 451 2947 nemque
458 2883 567 2932 erutione
576 2883 676 2948 indiget.
691 2885 755 2948 quod
766 2891 846 2934 eutem
857 2883 899 2932 ebs
910 2891 934 2931 te
944 2882 1036 2932 dietum
1043 2890 1089 2938 est,
1100 2881 1134 2930 sic
1144 2881 1234 2932 intelli·

140 2978 180 3028 go,
196 2963 260 3029 quod
272 2964 338 3014 eires
349 2963 491 3029 quondoque
502 2965 598 3029 eognsti
609 2973 637 3014 et
645 2965 748 3014 eiritstie
759 2964 874 3032 ejusdem,
883 2964 953 3014 multi
960 2971 986 3011 et
1000 2962 1110 3028 improbi.
1122 2963 1234 3012 sdverm

136 3043 223 3107 justos,
236 3045 279 3109 qui
294 3045 375 3110 penei,
386 3045 563 3108 compunbnnt.
571 3045 667 3108 vimque
676 3045 790 3101 intereat,
803 3052 830 3094 ut
839 3059 881 3094 eos
890 3043 1032 3110 subjicient:
1049 3057 1088 3099 se,
1097 3043 1119 3092 si
1127 3045 1235 3102 viderint,

136 3124 222 3174 civitas
237 3126 281 3174 ills
290 3140 317 3174 se
326 3125 381 3190 ipss
390 3125 486 3176 inferior
494 3141 613 3191 praveque
620 3125 722 3182 dioetnr‚
733 3127 770 3174 sin
781 3133 861 3174 sutem
870 3125 928 3174 vieti
936 3124 1032 3182 luerint,
1048 3123 1154 3188 superior
1161 3131 1234 3188 etque

138 3207 222 3270 probs.
238 3207 298 3257 Cur.
307 3206 398 3256 urim
408 3213 452 3264 est,
464 3207 559 3272 hospes,
569 3205 633 3272 quod
642 3206 737 3255 dicitur.
746 3207 782 3254 de
791 3213 871 3255 tomen
882 3206 951 3254 interi
962 3219 1060 3253 neeesse
1069 3211 1115 3252 est.
1131 3202 1237 3252 Aruer.

141 3287 198 3350 Age
215 3286 276 3350 jem,
293 3295 319 3336 st
336 3289 380 3337 hoo
390 3303 469 3336 rorsos
479 3287 663 3337 consideremus.
675 3286 781 3336 multielr
791 3301 839 3335 uno
850 3293 916 3349 μω
925 3293 1046 3348 matreque
1058 3282 1235 3332 esdemirntres

141 3367 211 3416 enei
221 3375 320 3430 ponunt
329 3383 336 3416 ι
345 3383 391 3418 nee
398 3367 493 3426 mmm,
502 3367 524 3418 si
534 3369 615 3433 plnres
625 3381 706 3417 eornm
713 3365 799 3430 injusti
806 3373 882 3424 erunt,
887 3365 947 3430 justi
954 3379 1010 3413 vero
1018 3363 1149 3428 psueiorss.
1175 3361 1235 3413 Cur.

140 3447 212 3497 Nihil
229 3447 323 3498 mirum.
352 3449 457 3500 Arnus.
475 3447 529 3498 Nee
549 3449 609 3498 mihi
629 3447 699 3497 modo
718 3446 874 3512 nequerobis
889 3447 1001 3494 deoorom
1021 3451 1059 3492 est
1073 3441 1236 3492 inhoeverbs

139 3529 264 3595 sompni,
278 3529 305 3578 in
316 3545 363 3595 qno
376 3530 464 3580 dieitru
472 3531 558 3580 domus
566 3537 593 3580 et
602 3531 712 3595 eognstio
722 3529 830 3578 tutiusne
837 3526 934 3576 inferior
944 3540 969 3575 se
978 3525 1032 3590 ipss
1040 3524 1125 3587 rideri,
1138 3524 1235 3588 siprsvi

139 3617 272 3674 supeant:
288 3611 401 3676 soptim,
417 3611 440 3660 si
459 3610 590 3662 tineentur.
611 3625 691 3674 neque
710 3609 776 3658 enim
791 3609 823 3658 de
839 3607 877 3656 his
887 3606 1034 3670 dopnmuros
1044 3603 1186 3671 elegentiom
1195 3605 1234 3652 rel

140 3690 264 3740 ruditstem
283 3692 406 3741 ruborum
423 3691 576 3749 obmomri,
596 3690 659 3757 quod
678 3692 746 3740 multi
763 3689 843 3738 meere
859 3687 953 3737 solent:
970 3684 1015 3734 sed
1026 3677 1080 3750 quin
1095 3694 1159 3733 recto
1175 3684 1235 3734 rstio

141 3772 272 3820 ssomrdn
293 3781 401 3822 ustnrsrn
419 3773 446 3820 in
466 3773 559 3836 legibus
577 3773 616 3830 sit,
635 3773 688 3838 quis
704 3787 777 3828 error,
796 3769 938 3834 indsgsmri.
969 3766 1028 3818 Cur·
1051 3764 1114 3815 Vere
1123 3765 1236 3830 loqueris.

141 3852 236 3918 hospes.
267 3853 342 3902 Meo.
360 3853 438 3902 Probe
458 3853 761 3918 prolectolrocusqnemihi
772 3865 867 3916 quoque
882 3849 973 3898 dietum
994 3847 1095 3897 ridetur.
1126 3845 1234 3900 Arsin.

140 3931 196 3982 lior
206 3941 322 3998 mntem
330 3932 515 3984 mnemon
530 3942 610 3984 utmm
618 3935 690 3984 dietis
700 3933 770 3984 modo
779 3931 890 3980 trudibus
905 3928 980 3993 juder
999 3929 1118 3993 quispiam
1133 3943 1234 3992 preesse

139 4014 243 4078 poterit!
276 4014 336 4065 Cur.
351 4014 437 4064 Piooul
447 4013 527 4066 dubio.
560 4014 666 4064 Arses.
682 4015 743 4065 Uter
760 4013 832 4076 igitur
847 4010 929 4060 melior
945 4010 990 4060 erit
1006 4009 1102 4072 juderi
1117 4024 1175 4058 num
1192 4011 1234 4074 qui

141 4095 260 4159 immobos
277 4095 371 4160 perdet,
388 4095 521 4161 efficietque
536 4102 564 4144 ut
582 4095 650 4160 probi
665 4095 712 4144 sibi
729 4094 776 4158 ipsi
795 4093 927 4158 imperent?
943 4105 974 4140 su
988 4092 1031 4156 qui
1043 4090 1234 4156 probosquidem

137 4175 213 4224 mrim
224 4177 351 4242 inpune,
369 4176 490 4241 improbos
509 4183 598 4234 sutum,
616 4190 671 4226 oum
680 4183 766 4240 sponte
775 4173 853 4224 subire
862 4172 984 4238 imperinm
997 4172 1145 4236 perurserit,
1155 4173 1235 4222 vivers

141 4255 260 4318 potietur?
278 4258 375 4306 tertium
393 4258 479 4306 virtute
496 4257 602 4322 judicem
623 4257 660 4306 liis
674 4255 796 4312 addemus,
811 4255 894 4318 siquis
903 4255 958 4302 telis
968 4254 1104 4318 reperietur,
1115 4255 1155 4318 qui
1165 4252 1235 4302 dissi·

138 4335 239 4386 dentem
258 4339 424 4403 cognationem
442 4340 477 4388 its
494 4338 681 4388 oommendotsm
701 4337 797 4399 hebent,
816 4344 843 4384 ut
858 4336 979 4384 neminem
988 4335 1082 4400 perdet,
1098 4333 1173 4398 [oid]
1190 4333 1235 4382 sed

140 4418 301 4468 roomoilietis
322 4420 390 4484 leges
408 4419 548 4479 consoribst¹
567 4419 654 4485 quibus
673 4419 735 4466 inter
753 4433 779 4467 se
797 4426 912 4484 perpetuo
923 4417 993 4466 smiei
1003 4415 1076 4464 futuri
1086 4415 1143 4464 sint.
1175 4415 1235 4464 Cur·

138 4497 225 4563 longo
242 4501 329 4548 melior
344 4501 400 4550 telis
407 4499 483 4564 judex
491 4502 618 4566 legemque
630 4499 798 4549 conditoretit.
829 4499 935 4548 Aruer.
951 4497 1026 4560 Atqui
1036 4504 1125 4552 contra,
1135 4495 1234 4558 quamsi

138 4579 176 4630 nd
194 4581 283 4634 bellum
294 4583 432 4648 respiceret,
441 4581 499 4647 ipsis
509 4583 574 4648 leges
583 4581 722 4634 eonsmibet.
753 4580 813 4634 Cur.
830 4579 1013 4646 Vorelnqueris·
1046 4575 1150 4642 Arum
1167 4575 1234 4633 Quid
