3174 5296
148 451 223 526 364]
556 445 753 510 Erlsrotr
774 447 859 511 Vlll.
1181 451 1241 510 495

148 560 289 652 ἰω-ιιι.
299 602 378 652 neser
397 604 497 652 sutem
505 602 610 666 mgr-er
627 603 716 666 umque
727 601 907 666 nepueu:
922 602 949 650 u
965 602 1069 665 mergo
1079 600 1241 665 puerperis

148 684 215 732 nulle
220 684 295 732 ierne
301 691 339 732 est
345 683 478 734 difficultas.
485 697 539 745 que
547 698 601 731 sero
607 691 649 730 eut
657 684 758 740 cumeis,
767 690 816 730 tero
824 682 1101 746 mimitisquememiois,
1110 682 1179 730 utilie
1184 681 1241 737 sint,

147 770 190 812 eut
199 765 283 812 esltern
299 779 352 828 qum
363 764 400 812 lrie
410 779 481 826 quem
492 763 615 822 minimum
625 763 714 818 obsint,
725 764 776 810 lime
786 768 852 811 certe
862 763 914 825 ipss
924 775 969 811 neo
979 763 1048 811 leeile
1059 753 1098 810 est
1107 762 1241 826 perspieere

148 857 236 906 neque,
247 851 372 908 postquem
383 844 542 907 perspexeris,
553 843 584 892 ed
595 852 674 892 votum
685 843 807 906 perficere.
823 843 874 889 lieo
884 843 956 906 igiter
966 842 1107 891 consultetio
1123 851 1194 906 etque
1201 842 1240 890 in·

147 922 306 985 qnisitiovoto
316 923 442 986 persinnlis
452 939 506 972 eese
515 923 616 972 videtur.
631 923 732 986 ideoque
743 924 775 969 sit
784 922 853 969 nobie
861 922 916 984 ipse
925 923 1021 972 omnino
1035 931 1147 985 torquem
1157 929 1239 970 votnm

149 1009 175 1048 st
184 1002 320 1066 deprecatio
330 1002 449 1066 quedem.
465 1003 573 1052 omnibus
581 1003 680 1052 enimin
689 1002 761 1050 rebus
770 1009 795 1050 et
803 1001 910 1050 dicendis
921 1009 947 1050 et
956 1002 1090 1064 cogitandis
1099 1003 1241 1066 prinoipimn
1345 1053 1349 1062 ‚

148 1095 241 1144 semper
257 1098 272 1130 e
292 1078 349 1131 Diis
364 1090 401 1132 eet
420 1083 564 1132 feriendum.
582 1082 655 1146 [858]
673 1091 753 1129 votum
774 1081 855 1144 utique
876 1081 992 1145 ejusmodi
1009 1082 1144 1130 ebsolutum
1165 1082 1239 1130 telem

147 1162 217 1209 nobis
227 1162 371 1223 siguidcsblt
380 1147 506 1218 rationem,
515 1177 569 1226 quae
580 1161 646 1208 vobis
657 1162 736 1216 simul,
755 1161 904 1223 inimicisque
924 1160 1050 1210 conducet.
1066 1161 1193 1224 principio,
1208 1177 1238 1210 sn

147 1255 195 1305 quo
210 1249 318 1305 tempore
334 1242 423 1290 bellurn
435 1243 461 1290 in
477 1241 559 1290 Sicilie
569 1249 662 1304 gestum
680 1249 727 1296 eet,
748 1240 840 1290 lentilin
861 1257 908 1288 oue
918 1241 1029 1288 continue
1051 1240 1172 1288 dominere
1193 1247 1241 1302 set,

147 1335 219 1384 quern
227 1321 329 1385 publicis
338 1322 408 1370 rebus
417 1321 573 1384 prefecerunt
583 1311 655 1370 vestri
673 1321 782 1386 majores,
791 1322 818 1368 in
827 1335 920 1370 summo
929 1329 987 1370 tuno
996 1321 1101 1384 periculo
1109 1320 1243 1386 rortetitutiQ

147 1415 204 1448 enm
214 1416 230 1448 e
239 1401 466 1466 Certlregineusibus
474 1410 644 1466 premerentur,
653 1401 802 1465 venissetque
812 1416 850 1448 res
860 1401 886 1450 in
903 1409 1037 1450 extremum
1052 1401 1189 1458 discrimen,
1206 1415 1239 1450 ne

59 1477 61 1484 '
147 1479 238 1538 stellis.
254 1498 308 1545 que
318 1482 600 1538 esoolebntnreGrreeis‚
606 1483 657 1548 jern
667 1498 683 1530 e
697 1481 800 1530 herberie
814 1481 1000 1530 confunderetur
1014 1489 1086 1546 etque
1102 1483 1239 1530 demetere-

148 1567 194 1610 tur.
206 1569 264 1608 tune
275 1562 348 1624 igitur
359 1562 503 1626 Dionysium
511 1563 609 1627 quidem
617 1564 748 1625 elegerunt,
756 1572 782 1610 ot
788 1563 904 1626 juvenem
911 1563 975 1611 bello
982 1570 1111 1620 menum,
1120 1562 1161 1626 qui
1171 1561 1240 1610 rebus

146 1640 243 1690 bellicis
253 1643 450 1692 convenientibus
461 1643 507 1690 sibi
516 1651 629 1707 preesset
640 1661 647 1690 ι
665 1643 823 1706 Hipparinum
833 1659 897 1697 roro.
908 1650 991 1707 utpote
1001 1644 1130 1705 seniorem,
1139 1643 1239 1692 eonsillo

146 1736 185 1770 ree
201 1723 317 1772 modereri
334 1724 475 1772 voluerunt:
493 1733 564 1786 etque
576 1739 617 1787 pro
636 1725 710 1772 totius
729 1724 816 1774 sicilie
834 1725 912 1772 soluts
928 1725 1060 1772 ebsolutsnu
1080 1723 1118 1772 his
1138 1723 1239 1772 auetori-

146 1807 220 1850 temm
231 1803 389 1853 concedentes
397 1805 528 1869 Tyrannus,
539 1813 566 1854 nt
577 1805 659 1861 tetur,
669 1805 858 1868 eppellevemnt.
874 1803 975 1867 proinde
983 1805 1033 1852 sive
1048 1804 1102 1867 quie
1119 1803 1239 1852 fortunent

147 1881 265 1945 quendem
283 1881 389 1932 divinem
400 1884 536 1948 Deumque,
551 1885 600 1932 siee
610 1899 700 1941 eorum,
711 1885 797 1948 quibus
808 1883 933 1932 commisse
942 1899 981 1932 res
990 1891 1037 1941 est,
1049 1884 1170 1939 virtulem,
1186 1884 1238 1932 sire

146 1969 273 2025 utrumque
284 1977 394 2012 ureenm
407 1964 519 2027 temporis
528 1964 594 2012 illius
604 1964 703 2020 tisibus.
715 1964 868 2012 selnt'eilliue
881 1955 984 2013 oensem
995 1965 1114 2012 exstitisse
1131 1971 1239 2018 cenum.

146 2049 200 2088 erlo
216 2041 242 2090 id
257 2042 363 2105 quidem,
381 2052 409 2093 ut
425 2045 527 2110 quisque
544 2044 673 2094 existimet.
688 2046 754 2094 eeloe
764 2051 828 2094 oerts
841 2046 884 2093 hoo
895 2052 966 2108 proto
976 2053 1033 2094 tuno
1042 2045 1092 2094 illie
1108 2052 1178 2108 perte
1191 2053 1239 2094 est.

147 2122 308 2184 quomobrem,
320 2140 373 2172 oum
383 2125 417 2172 ite
433 2141 460 2174 ee
475 2125 513 2174 illi
526 2126 662 2190 gemieeeul.
676 2125 764 2190 justum
780 2134 832 2174 eret
849 2125 947 2189 pretinm
962 2127 993 2173 eb
1012 2125 1070 2181 illie,
1090 2125 1131 2188 qni
1151 2122 1240 2172 serreti

146 2210 222 2258 erent,
238 2203 327 2252 referri.
343 2205 364 2252 ei
374 2205 432 2269 quid
441 2213 519 2256 eutem
530 2215 613 2270 poetes
623 2207 681 2254 meli
698 2207 808 2271 tyrennis
820 2205 878 2270 ipen,
896 2221 993 2254 munere
1010 2205 1112 2254 oivitetie
1128 2203 1237 2258 rhome,

146 2283 257 2346 petronii,
269 2284 340 2332 hebet
349 2287 446 2350 quidem
456 2287 552 2334 sceleris
562 2287 598 2334 sui
606 2286 709 2349 judiees,
719 2287 783 2336 uude
794 2294 820 2334 et
830 2301 911 2350 penes
925 2287 1052 2350 persolvet.
1065 2285 1110 2334 eod
1128 2297 1238 2348 quenem

146 2363 196 2412 illis
206 2379 281 2427 poeuae
292 2366 323 2414 ob
333 2380 371 2426 ee,
381 2381 433 2428 ques
444 2374 569 2422 sonsum,
585 2367 719 2416 ueneratio
739 2374 852 2430 reeteque
866 2366 986 2416 edmoeeri
1001 2367 1118 2430 possum?
1134 2367 1156 2412 ei
1172 2365 1238 2412 enim

146 2444 186 2493 vel
197 2459 240 2492 roe
248 2445 343 2494 illorum
353 2445 398 2494 sim
409 2445 479 2494 leeile
490 2447 628 2510 propulsere
636 2445 740 2510 poseetie
747 2453 773 2493 et
782 2446 873 2508 ubsque
881 2446 976 2509 mugnis
985 2447 1098 2509 perieulis
1107 2443 1239 2494 leboribre·

147 2539 194 2586 que
204 2524 230 2572 id
247 2525 333 2580 iuuere,
353 2526 392 2573 eol
412 2526 449 2574 illi
469 2541 497 2574 so
516 2525 703 2574 deminutionem
724 2525 794 2574 fenile
815 2534 952 2588 reoeporroe
972 2525 1158 2574 erbitrerentur:
1175 2523 1240 2572 hsod

149 2618 207 2654 eene
223 2619 346 2668 possemus
364 2621 394 2654 ee
405 2605 477 2659 vobis,
490 2620 544 2668 ques
562 2621 627 2654 nuno
643 2604 732 2652 dicturi
748 2619 838 2659 sumus,
854 2605 987 2653 coposiore.
1002 2619 1066 2654 nune
1077 2620 1132 2652 eero
1143 2605 1239 2668 utrique

148 2685 296 2734 oonsiderers
306 2693 378 2748 etque
389 2685 521 2732 meminisse
531 2683 633 2740 debetis,
644 2685 754 2747 quotiens
760 2684 811 2748 jem
822 2683 928 2732 oltemtri
943 2685 969 2732 in
984 2690 1132 2749 epernprope
1147 2692 1237 2733 sertem

148 2766 289 2828 perremie
304 2763 466 2827 consequendi
483 2763 546 2828 quod
556 2763 683 2827 optulistis,
692 2765 791 2827 peulum
800 2764 882 2812 deesse
899 2764 1023 2826 opinentes
1039 2764 1070 2812 ed
1088 2773 1175 2813 ennete
1194 2771 1241 2828 pto

147 2844 243 2894 erbitrio
252 2845 427 2908 consequendo.
442 2844 552 2908 idipsum
561 2852 642 2892 temen
652 2845 748 2906 peulum
759 2843 890 2906 ingentium
907 2844 1105 2908 plruimorumque
1122 2843 1238 2894 melorum

148 2923 236 2988 ubique
246 2941 318 2974 oense
327 2925 431 2974 exstitit:
449 2940 525 2988 neque
535 2924 592 2972 dum
599 2923 709 2987 pervenit
727 2921 758 2970 ed
775 2925 909 2981 terminum,
926 2923 969 2972 sed
988 2925 1126 2974 continuete
1135 2925 1238 2988 quedem

145 3005 294 3056 moeeseione
305 3005 431 3054 inveterati
442 3005 493 3068 jem
511 3003 568 3052 meli
590 3003 714 3066 eppereuti
728 3003 828 3050 termino
846 3003 988 3065 principium
1006 3003 1124 3052 suboritur
1142 3015 1239 3052 norum.

147 3083 265 3150 ejusmodi
271 3101 326 3136 vero
334 3085 450 3135 eirouitus
461 3083 594 3148 perditurus
602 3081 697 3129 videtur
706 3082 855 3145 tyrenuimnn
863 3096 939 3143 genus
947 3081 1017 3129 simui
1026 3091 1097 3145 etque
1107 3084 1237 3146 populere:

147 3174 174 3214 et
194 3173 308 3230 quantum
329 3164 449 3214 verisimili
467 3163 558 3210 retinere
576 3161 752 3226 formidendum
766 3160 924 3224 portenditur,
940 3167 993 3208 tute
1003 3161 1084 3210 Sicilie
1099 3163 1125 3209 in
1143 3161 1236 3210 (imon

145 3243 234 3308 lingum
243 3245 384 3294 oblivionem
394 3245 489 3308 lapsuro
497 3243 598 3298 ridetur,
609 3239 641 3290 nd
648 3241 787 3290 Phoenicum
802 3241 979 3304 Opieorumque
999 3247 1143 3304 perennem
1161 3241 1238 3290 dorni·

145 3325 314 3388 notionemque
329 3325 451 3374 melete.
468 3323 619 3388 quemobrem
639 3329 722 3370 contre
739 3322 790 3370 lino
808 3321 888 3371 Greci
907 3335 989 3370 omnes
1005 3323 1070 3370 omni
1090 3321 1239 3386 providentie

145 3405 280 3454 remedium
290 3405 374 3454 efferre
383 3403 480 3454 debent.
495 3404 517 3454 si
527 3403 580 3467 quie
588 3402 661 3466 igitur
668 3403 755 3450 tectim
762 3403 895 3466 meliusque
906 3402 1030 3451 consilium
1039 3418 1077 3460 eo,
1087 3403 1150 3466 quod
1167 3417 1182 3450 e
1197 3417 1237 3451 nte

147 3483 249 3540 diesim.
267 3484 341 3552 [etl]
357 3485 461 3536 eddom
480 3485 505 3532 in
522 3483 637 3540 medium,
657 3483 742 3532 merito
764 3482 902 3532 Greoorum
922 3490 1012 3532 emetor
1029 3483 1240 3548 cognominebitur.

147 3578 268 3627 quievero
277 3565 490 3629 quodemrnodosit
499 3563 684 3619 meeeenteutis,
702 3563 804 3612 eonebor
820 3579 884 3612 nune
898 3563 970 3612 libore
988 3575 1091 3628 prorsus,
1108 3564 1238 3619 communi,
1274 3609 1281 3634 ⁸

145 3645 239 3696 renem
257 3646 357 3710 legeque
367 3647 449 3701 iretur,
459 3659 585 3708 exponere.
602 3659 648 3706 ego
657 3643 737 3705 igitir,
747 3659 871 3706 perennem
880 3643 942 3692 mihi
951 3644 1096 3693 erbitretoris
1105 3657 1237 3702 resumens,

147 3724 348 3790 quemadmodem
358 3725 452 3789 jemdiu
468 3723 589 3779 consuevi,
606 3731 655 3772 tem
672 3723 792 3772 ermoenti
805 3739 875 3789 quem
893 3725 995 3788 potienti
1008 3725 1159 3790 tyrannidem
1172 3739 1237 3774 noro·

148 3804 262 3870 munitet}
271 3807 402 3856 cousmem.
417 3813 488 3869 etque
502 3804 610 3868 inprimis
619 3805 685 3853 omni
694 3791 805 3869 ty‘rsnuo.
818 3812 846 3852 ut
861 3805 1043 3868 sppellelionem
1061 3806 1122 3854 hero
1139 3818 1237 3871 remque

146 3885 227 3950 ipnm
236 3886 320 3950 lugiet,
331 3895 401 3950 etque
411 3887 548 3948 inreguum.
557 3885 577 3934 sl
588 3892 669 3948 potest
676 3885 735 3941 fieri,
744 3885 877 3934 neesson-et
892 3887 943 3934 lieri
953 3899 1009 3944 vern
1020 3899 1090 3949 posse
1106 3885 1237 3952 Lyciaque,

148 3966 184 4016 eir
194 3967 270 4016 bouus
280 3974 306 4016 et
313 3967 417 4030 sepierm
426 3981 451 4014 re
471 3965 646 4016 demonstrent.
661 3967 683 4014 ie
693 3966 768 4028 enim,
777 3981 832 4014 oum
846 3965 939 4014 rideret
947 3981 1020 4029 genus
1030 3967 1149 4030 proprium
1163 3967 1237 4031 Atqie

148 4048 317 4112 Mmeennqus
327 4065 355 4096 er
364 4061 436 4110 regno
446 4048 472 4094 in
482 4047 632 4111 tyreunidem
640 4045 692 4110 jem
701 4047 849 4103 temlerum,
858 4045 960 4110 ideoque
967 4047 1011 4094 hos
1018 4047 1118 4110 populos
1126 4053 1237 4110 utrosque

150 4136 200 4178 tem
218 4129 326 4191 seipsos
341 4125 467 4191 perdentes
485 4142 556 4191 quern
574 4127 802 4191 eleiteteeutrinque
819 4135 940 4190 utresque,
957 4126 1045 4174 timens
1064 4127 1145 4189 petrin
1164 4125 1237 4175 simul

149 4217 176 4258 et
195 4209 277 4274 generi
296 4208 427 4256 remedium
446 4207 563 4266 adhibuit,
573 4217 821 4272 temtumproereens
837 4209 1023 4271 ephororumque
1039 4205 1237 4270 mgisnetumie

148 4289 217 4354 regni
225 4290 335 4340 eelutern.
350 4295 493 4352 quopropter
501 4295 537 4337 tot
544 4288 596 4352 jorn
606 4289 688 4338 eenole
698 4295 803 4338 mmetor
812 4303 867 4337 eum
883 4287 971 4351 glorie:
989 4293 1114 4352 postquem
1126 4285 1239 4334 videlieet

150 4369 346 4424 tesmonium
354 4369 554 4435 plerehominum
562 4370 643 4432 regine
653 4370 776 4428 sectasst5
788 4375 924 4420 nonnutern
932 4367 1040 4419 homiues
1048 4365 1239 4430 legomtyreuri.
1340 4409 1346 4430 ,
