3174 5296
136 513 223 591 ιιι]
534 517 733 582 numerous
754 519 823 582 vu.
1177 527 1235 590 sor

144 667 235 731 quippe
252 685 306 718 curu
327 673 449 722 manifeste
458 671 510 738 ipse
520 677 588 723 nulle
600 675 743 740 Dionyslum
754 675 839 740 injurie
849 674 953 724 efficiens
963 675 993 723 eb
1003 673 1127 742 eoiniurls
1138 677 1237 728 effectus

140 745 252 800 fuissem.
268 759 294 799 at
310 753 362 816 ille,
373 769 425 802 cunr
437 771 475 803 rue
486 757 551 804 nullo
560 757 632 804 modo
648 769 745 804 manere
756 755 818 803 velle
828 763 989 820 cognosceret,
999 770 1047 818 qno
1058 757 1234 822 navigationem

142 836 200 875 tune
216 843 292 878 meam
311 833 447 898 impediret,
463 836 522 883 tella
540 836 686 884 machinatus
707 843 752 885 est.
769 835 883 899 postridie
902 851 1032 883 sennonem
1050 835 1080 883 ad
1101 851 1138 884 me
1151 836 1234 884 hebuit

143 908 271 968 undosum
290 919 361 976 atque
377 915 530 978 probabilem.
548 915 604 963 milri
623 924 648 962 et
661 915 715 970 tibi,
733 917 819 978 iuquit,
837 915 903 964 Dion
914 915 1049 978 Dionisqns
1059 929 1106 972 res,
1117 924 1236 978 quatenns

139 985 358 1040 discordiunosuae
369 995 463 1042 ἓιιιιιιιι
474 997 591 1060 prebent,
602 996 717 1042 tollantur
733 996 844 1046 emedio.
878 994 951 1043 Dioni
971 996 1083 1058 equidem
1101 997 1137 1044 tui
1159 997 1234 1060 gratie

143 1065 196 1119 hnc
205 1067 299 1120 feciern.
315 1073 418 1122 decerno
436 1075 549 1132 Diouem,
558 1076 713 1138 recipientem
725 1091 775 1130 sue,
786 1076 890 1124 habitere
900 1077 926 1123 iu
938 1077 1112 1138 Peloponneso,
1121 1091 1169 1124 uon
1179 1085 1232 1124 ten·

140 1159 212 1208 quern
230 1151 345 1216 exsulem,
356 1155 399 1201 sed
411 1163 523 1217 tunquam
531 1156 570 1204 cui
581 1155 651 1202 liceet
661 1155 708 1203 huc
719 1156 845 1219 proficisci,
857 1157 952 1220 quando
962 1156 998 1203 illi
1015 1163 1040 1203 et
1050 1155 1107 1202 mibi
1116 1157 1232 1221 vobisque
1295 1147 1298 1158 ⁸

141 1228 226 1278 sulcis
234 1233 390 1281 communiter
403 1235 527 1283 videatur:
545 1235 673 1282 dummodo
690 1235 781 1282 nullum
790 1236 850 1283 mibi
860 1237 967 1301 injuriam
978 1235 1057 1283 faciet.
1073 1235 1142 1300 bajus
1152 1244 1231 1286 sutem

141 1307 176 1354 rei
185 1307 337 1372 fidejussores
347 1314 404 1361 milri
414 1315 464 1362 lore
471 1321 495 1362 te
506 1314 681 1377 familiaresque
691 1323 740 1363 tam
751 1323 803 1363 tuos
812 1331 882 1380 quem
902 1315 998 1372 Dionis,
1008 1315 1049 1378 qui
1060 1314 1098 1361 hie
1108 1315 1214 1364 bebitent
1224 1333 1230 1363 ι

139 1383 244 1436 Dionem
264 1405 358 1454 quoque
376 1393 456 1456 ipsum
472 1393 498 1440 id
515 1395 584 1442 robis
605 1395 790 1450 observaturum,
812 1395 956 1444 sufficienter
976 1393 1114 1443 confirmere
1135 1394 1231 1444 debere.

139 1469 250 1527 pscume
267 1485 324 1516 vero
341 1487 431 1529 omnes,
450 1487 509 1536 ques
526 1475 569 1522 ille
578 1477 702 1538 seceperit,
713 1475 738 1523 in
750 1476 916 1540 Peloponneso
927 1483 951 1523 ct
963 1475 1065 1523 Athenis
1074 1475 1231 1537 deponentur,
1265 1462 1268 1471 ’

138 1561 216 1609 petet
234 1561 294 1610 quos
311 1550 379 1598 vobis
396 1551 497 1600 videtur.
514 1555 594 1601 barum
614 1555 710 1616 quidem
728 1557 879 1618 poeoniorum
890 1556 981 1603 tructus
991 1555 1093 1618 accipiet
1102 1555 1178 1616 Dion,
1188 1555 1231 1605 sed

136 1627 203 1689 ipses
220 1629 311 1684 tollere,
330 1631 377 1677 uisi
397 1631 465 1678 vobis
484 1633 678 1687 concedentibus,
697 1642 809 1697 nequeat.
826 1649 873 1680 nou
894 1635 956 1680 euim
972 1634 1074 1690 confido,
1085 1635 1106 1682 si
1117 1635 1230 1698 pecunie!

136 1708 276 1771 susceperit,
287 1725 340 1757 euru
352 1710 408 1758 milri
420 1711 491 1759 fidem
502 1722 655 1770 servaturum,
668 1729 722 1761 cum
733 1727 780 1761 uon
793 1729 875 1776 peuces
884 1711 967 1760 iuture
979 1713 1035 1760 sint.
1054 1713 1166 1778 majorem
1173 1730 1230 1764 vero

136 1785 181 1834 tibi
196 1788 292 1852 tuisque
309 1789 384 1838 beben
402 1791 480 1839 fldem.
496 1793 618 1842 considers
634 1795 715 1858 igitur,
732 1809 763 1842 su
771 1793 816 1840 tibi
827 1795 878 1840 brec
889 1794 1008 1857 placeant,
1020 1807 1135 1857 maneque
1146 1796 1229 1844 borum

137 1866 214 1929 gretie
225 1868 264 1916 bic
275 1883 361 1917 aunum
372 1887 379 1919 ι
397 1887 443 1934 quo
454 1881 559 1934 pereeto,
573 1875 691 1938 susceptis
701 1875 738 1920 bis
748 1874 863 1937 pecuniis,
875 1873 959 1922 ebibis.
992 1871 1098 1922 Dionem
1116 1875 1229 1938 equidem

137 1947 189 1994 ecio
204 1963 313 2012 megnsrn
331 1951 376 1998 tibi
397 1951 493 2014 gretiam
513 1953 656 2010 habiturum,
672 1969 727 2001 cum
740 1955 790 2002 hec
810 1953 854 2001 sibi
873 1951 1009 2016 perfeceris.
1024 1967 1076 2001 cum
1095 1953 1167 2016 igitur
1178 1955 1230 2004 nec

138 2025 267 2086 audissem,
279 2043 420 2093 quemquam
432 2027 492 2096 egre
503 2034 599 2081 omuino
610 2033 722 2089 icrcbem,
731 2035 844 2097 respondi
854 2041 935 2081 temen
946 2034 989 2080 bec
997 2033 1023 2080 iu
1032 2047 1056 2080 re
1064 2047 1103 2080 me
1111 2035 1229 2082 consulte·

139 2114 232 2154 turum:
250 2116 390 2173 tempusque
408 2112 569 2175 respondendi
586 2114 610 2160 iu
628 2114 755 2161 ermduum
767 2113 865 2176 sumpsi.
883 2123 953 2176 etque
965 2113 988 2159 in
1000 2114 1230 2162 lsoeconsentientes

139 2193 197 2234 tuuc
204 2187 363 2240 discessimus.
379 2191 543 2240 concultebem
550 2193 631 2256 itque
638 2193 737 2258 postirec
746 2193 907 2256 ipsemecum,
916 2191 1089 2255 veldequidern
1097 2193 1230 2256 ambiguus.

138 2269 276 2316 occurrebat
294 2275 382 2326 eutem,
400 2271 468 2334 qussi
487 2273 579 2320 consilii
590 2273 645 2328 dur,
661 2273 735 2337 prima
747 2272 806 2319 milri
817 2271 932 2336 ejusmodi
943 2272 1009 2319 ratio.
1026 2287 1069 2335 ege
1081 2272 1171 2336 utique,
1183 2273 1230 2322 etsi

140 2345 270 2412 Dionysius
284 2351 342 2397 nibil
353 2365 442 2406 eorum,
454 2367 508 2414 quae
519 2353 642 2414 promittit,
655 2367 746 2400 seruere
757 2353 854 2415 cogitet,
866 2353 885 2398 si
897 2361 976 2399 temen
988 2353 1089 2400 sbeuutc
1100 2367 1138 2400 me
1149 2367 1192 2416 per
1204 2369 1230 2402 se
1248 2399 1261 2415 ,

138 2441 167 2474 sc
186 2441 229 2489 per
246 2429 333 2478 emices
349 2429 502 2493 probabiliter
521 2432 551 2479 ed
570 2431 673 2480 Dionem
693 2433 788 2488 scribat,
803 2449 855 2495 que
869 2447 932 2479 nuuc
942 2431 1001 2478 mibi
1013 2431 1080 2488 dicit,
1091 2433 1121 2480 Se
1133 2433 1230 2496 quidem

136 2507 251 2556 obtulisse
261 2511 331 2566 ultro,
342 2525 380 2557 me
390 2525 447 2559 vero
457 2512 561 2560 noluisse
568 2527 652 2576 resque
660 2527 714 2559 sues
721 2513 816 2576 penitus
825 2511 966 2575 neglexisse.
985 2525 1100 2575 praeseree
1108 2513 1145 2560 bis
1155 2511 1229 2561 edde-

137 2586 212 2634 bsm:
237 2587 256 2635 ti
276 2587 406 2654 Dionysius
423 2607 459 2640 nre
469 2593 554 2640 nolens
570 2593 697 2648 dimittere,
717 2591 819 2656 ideoque
838 2591 960 2655 navigium
976 2599 1107 2655 nentesque
1119 2608 1165 2639 uon
1177 2593 1228 2650 det,

138 2665 212 2716 immo
222 2668 293 2716 iecile
303 2673 396 2718 cunctis
406 2671 524 2735 significet
535 2674 596 2720 selle
606 2689 645 2721 me
656 2675 706 2736 ipso
717 2675 813 2720 uolente
822 2673 943 2719 discedere
955 2687 961 2717 r
980 2670 1053 2736 [ill]
1070 2673 1179 2736 quisnam
1191 2688 1228 2720 me

138 2747 193 2793 ueri
214 2757 331 2811 asportare
349 2763 378 2797 ex
398 2753 488 2799 edibus
504 2753 561 2816 ipsis
579 2753 693 2818 Dionysii
712 2755 815 2801 nudent?
832 2752 966 2799 habitabam
985 2751 1104 2816 equidem,
1120 2767 1152 2800 ιιι
1172 2753 1231 2817 quid

139 2825 232 2874 deesset
242 2827 395 2887 incommodi,
406 2831 432 2878 in
444 2832 509 2894 ipsis,
519 2834 559 2895 qui
570 2833 631 2880 circs
644 2832 707 2880 redes
718 2839 793 2885 erum,
804 2833 875 2879 hortis
886 2849 892 2877 ι
911 2831 975 2879 uude
986 2847 1017 2879 ne
1022 2832 1113 2895 jenitor
1123 2835 1229 2898 quidem,

138 2907 184 2953 niel
201 2907 301 2970 jubente
319 2909 445 2973 Dionysio,
466 2911 546 2974 egredi
567 2912 721 2974 permisisset.
737 2913 801 2975 quod
823 2913 845 2958 ei
863 2925 949 2959 enuum
971 2927 1131 2975 permansero,
1153 2913 1230 2961 lrebeo

138 2987 262 3050 equidem,
277 2989 341 3052 quod
360 2989 437 3038 Dioni
454 2992 586 3054 significem
607 3001 736 3056 notumque
757 2992 851 3048 faciem,
872 2991 1001 3053 inquibus
1023 2991 1066 3038 sim
1088 2993 1229 3042 constitutus

137 3066 225 3130 quidve
240 3083 316 3132 egam.
332 3085 360 3118 sc
379 3071 397 3118 si
417 3071 547 3135 Dionysius
563 3071 671 3118 nonnihil
688 3085 777 3125 eorum,
795 3085 848 3133 qum
868 3069 992 3132 promittit,
1012 3071 1229 3134 servaverit,opera

137 3147 308 3212 tolerantieque
327 3151 378 3197 bec
396 3165 450 3196 mee
469 3163 516 3196 nou
533 3149 630 3196 omuino
649 3148 779 3196 deridenda
797 3149 923 3195 ridebitur.
940 3147 1105 3208 patrimonium
1125 3163 1228 3212 nemque

137 3225 223 3274 Diouis
241 3241 288 3273 non
306 3229 444 3290 pauciorum
461 3243 532 3291 quam
553 3235 649 3276 centurn
668 3229 819 3284 talentorum,
837 3229 857 3274 si
876 3227 930 3288 quis
949 3231 1014 3272 recte
1033 3225 1149 3274 estimare
1162 3221 1230 3290 velit,

138 3305 281 3354 censebitur.
296 3315 321 3353 at
338 3321 395 3355 vero
407 3309 426 3353 sl
442 3309 477 3354 its
487 3323 526 3355 ree
537 3308 632 3365 cadant,
642 3315 668 3356 ut
678 3323 719 3356 eas
730 3307 854 3354 verisimile
865 3311 902 3352 est
912 3319 1015 3360 cesurae,
1025 3320 1072 3367 quo
1080 3321 1118 3353 me
1129 3315 1227 3365 vertam,

135 3386 228 3434 neseio.
238 3395 402 3434 verumtsrueo
413 3387 474 3435 torte
490 3403 587 3436 necesse
606 3396 642 3435 est
652 3401 691 3435 ms
703 3401 791 3433 anuum
802 3385 879 3431 adhuc
889 3385 1027 3431 tolerantem
1040 3386 1228 3437 mscbiuetiones

137 3465 252 3531 Dionysii
263 3481 288 3515 re
299 3467 350 3531 ipse
360 3481 404 3530 pro
417 3469 505 3517 viribus
514 3469 663 3530 redarguere.
681 3482 734 3514 curn
753 3466 786 3510 its
803 3479 897 3511 menum
907 3464 1110 3520 consultavissem,
1120 3469 1229 3530 sequenti

136 3561 191 3595 mox
210 3545 249 3595 die
267 3547 297 3596 sd
315 3549 459 3614 Dionysium
471 3551 551 3605 retuli,
562 3548 635 3594 videri
643 3543 702 3593 mibi
713 3542 854 3591 menendum
864 3559 931 3592 esser
949 3545 991 3591 sed
1003 3543 1095 3608 addidi,
1105 3559 1136 3594 ne
1146 3546 1229 3594 eristi·

137 3633 214 3675 meret
234 3643 271 3676 me
285 3644 355 3692 posse
374 3630 436 3693 opud
457 3629 559 3676 Diouem
581 3639 675 3688 prorsus
690 3625 770 3672 omnis
790 3624 857 3687 quusi
875 3623 1003 3679 dominum,
1023 3624 1126 3687 ideoque
1147 3641 1227 3690 operes

136 3707 240 3770 pretium
256 3723 316 3765 esee,
334 3717 360 3757 ut
372 3725 420 3757 uua
430 3723 521 3757 mensur
531 3708 583 3769 ipse
594 3719 688 3768 quoqne
700 3705 796 3753 adeum
808 3704 929 3760 scriberet,
939 3705 1075 3768 significans
1087 3707 1137 3754 hee
1147 3714 1228 3755 nostre
1306 3697 1308 3704 ’

137 3787 245 3844 consilia,
265 3797 337 3852 etque
353 3791 507 3852 interrogent.
529 3795 604 3832 utrum
623 3785 668 3833 sibi
684 3786 735 3833 baec
755 3784 997 3846 selislecientnecue‚
1008 3785 1151 3850 etnunquid
1161 3785 1227 3834 eliud

137 3875 225 3932 preter
240 3883 270 3916 se
286 3869 399 3932 quiddam
410 3869 499 3930 exigat.
514 3865 587 3930 idque
599 3867 770 3930 quamprimum
781 3867 877 3930 inquam
889 3865 1037 3913 scribendum
1048 3879 1100 3912 esse
1113 3883 1119 3912 ι
1136 3865 1228 3918 interce

136 3961 194 3996 vero
206 3949 263 3996 nibil
276 3949 299 3995 in
310 3965 337 3996 re
347 3947 429 3995 Dionis
439 3947 470 3994 ab
481 3961 510 3994 eo
519 3948 574 3993 novi
585 3962 636 4006 esse
647 3945 795 3995 teutendum.
811 3949 861 3994 bec
871 3947 934 3993 iuter
944 3961 988 3992 nos
998 3943 1138 3994 dictasunt.
1152 3947 1178 3995 iu
1189 3947 1227 3995 liis

136 4027 219 4088 ierms,
234 4037 262 4076 ut
279 4043 342 4076 uunc
353 4025 416 4081 dico,
427 4027 589 4074 convenimus.
605 4033 659 4090 post
670 4029 720 4074 brec
731 4036 819 4082 autem,
831 4041 885 4074 cum
892 4026 942 4090 jem
952 4040 1025 4072 neves
1035 4025 1148 4074 sbiissont
1158 4028 1227 4076 ideo·

136 4121 183 4171 que
201 4108 268 4155 nulla
286 4108 345 4154 milii
358 4099 424 4154 'toret
444 4107 540 4154 ulterius
562 4107 689 4169 nevigenrll
711 4106 825 4155 laeultes:
854 4105 990 4170 Dionysius,
1020 4107 1089 4170 quasi
1117 4109 1226 4158 nonnihil

137 4187 285 4251 pretermissl
305 4187 469 4243 reminiscens,
487 4185 603 4243 Dimidia,
621 4188 705 4250 iuquit,
724 4187 835 4235 benonim
857 4185 944 4234 Dionis
964 4201 1017 4250 pers
1039 4201 1082 4249 pro
1103 4187 1152 4236 tilio
1170 4187 1224 4251 jure

135 4279 231 4314 manere
247 4265 325 4321 debet,
344 4265 443 4314 dimidia
459 4281 516 4314 vero
535 4267 566 4314 sd
588 4267 692 4315 Dionem
715 4267 784 4314 mitti.
808 4269 868 4314 bene
890 4281 945 4330 ergo
968 4266 1037 4314 rendi
1059 4267 1151 4314 corabo.
1176 4281 1225 4330 qus

136 4347 241 4403 vendite,
257 4347 408 4409 pecuniarum
427 4347 551 4394 dimidium
568 4347 612 4396 tibi
632 4345 843 4411 tredem,quoded
856 4347 960 4396 Dionem
969 4347 1116 4412 perferetur:
1132 4345 1224 4410 relique

137 4439 191 4474 tero
202 4441 258 4492 pers
268 4441 342 4491 penes
353 4441 394 4474 noe
405 4441 448 4490 pro
458 4425 682 4477 lilioreserrsbitur.
699 4428 733 4476 its
744 4429 808 4477 enim
823 4427 863 4493 jus
874 4427 950 4493 ipsum
959 4429 1041 4492 erigit.
1058 4427 1095 4474 bis
1105 4439 1150 4488 ego
1161 4425 1226 4474 illius

137 4506 207 4564 dictis
222 4523 352 4573 percussus,
374 4507 496 4558 ridiculum
512 4508 594 4573 putori
611 4509 712 4574 emplius
728 4525 756 4559 es
767 4511 798 4559 de
808 4525 834 4560 re
845 4511 919 4574 loqui.
936 4509 986 4558 dlxi
996 4517 1075 4555 temen
1086 4501 1171 4554 decere
1182 4519 1226 4556 noe
